[
  {
    "id": "uncle-tobys-le-snak-natural-cheese",
    "name": "Le Snak Cheddar Cheese",
    "brand": "Uncle Tobys",
    "imageUrls": [
      "https://shop.coles.com.au/wcsstore/Coles-CAS/images/4/9/5/4952890.jpg"
    ],
    "storeId": "coles",
    "packageSize": "132g",
    "cupPrice": "$1.78 per 100G",
    "locations": {
      "VIC": {
        "price": 2.35,
        "discountRate": 50,
        "promo": "",
        "orgPrice": 4.7
      },
      "SA": { "price": 2.35, "discountRate": 50, "promo": "", "orgPrice": 4.7 },
      "QLD": {
        "price": 2.35,
        "discountRate": 50,
        "promo": "",
        "orgPrice": 4.7
      },
      "NSW": {
        "price": 2.35,
        "discountRate": 50,
        "promo": "",
        "orgPrice": 4.7
      },
      "WA": { "price": 2.35, "discountRate": 50, "promo": "", "orgPrice": 4.7 },
      "TAS": {
        "price": 2.35,
        "discountRate": 50,
        "promo": "",
        "orgPrice": 4.7
      },
      "ACT": {
        "price": 2.35,
        "discountRate": 50,
        "promo": "",
        "orgPrice": 4.7
      },
      "NT": { "price": 2.47, "discountRate": 50, "promo": "", "orgPrice": 4.94 }
    },
    "categoryIds": ["c-back-to-school", "c-pantry"],
    "similarProducts": []
  },
  {
    "id": "kettle--potato-chips-sea-salt",
    "name": "Sea Salt Potato Chips",
    "brand": "Kettle",
    "imageUrls": [
      "https://shop.coles.com.au/wcsstore/Coles-CAS/images/8/1/5/8156535.jpg"
    ],
    "storeId": "coles",
    "packageSize": "175g",
    "cupPrice": "$1.33 per 100G",
    "locations": {
      "VIC": {
        "price": 2.32,
        "discountRate": 50,
        "promo": "",
        "orgPrice": 4.65
      },
      "SA": {
        "price": 2.32,
        "discountRate": 50,
        "promo": "",
        "orgPrice": 4.65
      },
      "QLD": {
        "price": 2.32,
        "discountRate": 50,
        "promo": "",
        "orgPrice": 4.65
      },
      "NSW": {
        "price": 2.32,
        "discountRate": 50,
        "promo": "",
        "orgPrice": 4.65
      },
      "WA": {
        "price": 2.32,
        "discountRate": 50,
        "promo": "",
        "orgPrice": 4.65
      },
      "TAS": {
        "price": 2.32,
        "discountRate": 50,
        "promo": "",
        "orgPrice": 4.65
      },
      "ACT": {
        "price": 2.32,
        "discountRate": 50,
        "promo": "",
        "orgPrice": 4.65
      },
      "NT": { "price": 2.44, "discountRate": 50, "promo": "", "orgPrice": 4.88 }
    },
    "categoryIds": ["c-back-to-school", "c-entertaining-at-home", "c-pantry"],
    "similarProducts": []
  },
  {
    "id": "kelloggs-k-time-twists-raspberry-apple",
    "name": "K-Time Baked Twists Raspberry & Apple Flavour Filled Snack Bars 5 pack",
    "brand": "Kellogg's",
    "imageUrls": [
      "https://shop.coles.com.au/wcsstore/Coles-CAS/images/9/2/6/9264250.jpg"
    ],
    "storeId": "coles",
    "packageSize": "185g",
    "cupPrice": "$1.08 per 100G",
    "locations": {
      "VIC": { "price": 2, "discountRate": 50, "promo": "", "orgPrice": 4 },
      "SA": { "price": 2, "discountRate": 50, "promo": "", "orgPrice": 4 },
      "QLD": { "price": 2, "discountRate": 50, "promo": "", "orgPrice": 4 },
      "NSW": { "price": 2, "discountRate": 50, "promo": "", "orgPrice": 4 },
      "WA": { "price": 2, "discountRate": 50, "promo": "", "orgPrice": 4 },
      "TAS": { "price": 2, "discountRate": 50, "promo": "", "orgPrice": 4 },
      "ACT": { "price": 2, "discountRate": 50, "promo": "", "orgPrice": 4 },
      "NT": { "price": 2.1, "discountRate": 48, "promo": "", "orgPrice": 4 }
    },
    "categoryIds": ["c-back-to-school", "c-pantry"],
    "similarProducts": []
  },
  {
    "id": "belvita-chocolate-breakfast-biscuit",
    "name": "Chocolate Breakfast BiscuitÂ 6 Pack",
    "brand": "Belvita",
    "imageUrls": [
      "https://shop.coles.com.au/wcsstore/Coles-CAS/images/1/8/4/1843763.jpg"
    ],
    "storeId": "coles",
    "packageSize": "300g",
    "cupPrice": "$0.67 per 100G",
    "locations": {
      "VIC": { "price": 2, "discountRate": 50, "promo": "", "orgPrice": 4 },
      "SA": { "price": 2, "discountRate": 50, "promo": "", "orgPrice": 4 },
      "QLD": { "price": 2, "discountRate": 50, "promo": "", "orgPrice": 4 },
      "NSW": { "price": 2, "discountRate": 50, "promo": "", "orgPrice": 4 },
      "WA": { "price": 2, "discountRate": 50, "promo": "", "orgPrice": 4 },
      "TAS": { "price": 2, "discountRate": 50, "promo": "", "orgPrice": 4 },
      "ACT": { "price": 2, "discountRate": 50, "promo": "", "orgPrice": 4 },
      "NT": { "price": 2.1, "discountRate": 50, "promo": "", "orgPrice": 4.2 }
    },
    "categoryIds": ["c-back-to-school", "c-entertaining-at-home", "c-pantry"],
    "similarProducts": []
  },
  {
    "id": "brekky-heroes-choc-boulders",
    "name": "Brekky Heroes Choc Boulders",
    "brand": "Freedom Foods",
    "imageUrls": [
      "https://shop.coles.com.au/wcsstore/Coles-CAS/images/3/2/0/3208278.jpg"
    ],
    "storeId": "coles",
    "packageSize": "260g",
    "cupPrice": "$0.77 per 100G",
    "locations": {
      "VIC": { "price": 2, "discountRate": 50, "promo": "", "orgPrice": 4 },
      "SA": { "price": 2, "discountRate": 50, "promo": "", "orgPrice": 4 },
      "QLD": { "price": 2, "discountRate": 50, "promo": "", "orgPrice": 4 },
      "NSW": { "price": 2, "discountRate": 50, "promo": "", "orgPrice": 4 },
      "WA": { "price": 2, "discountRate": 50, "promo": "", "orgPrice": 4 },
      "TAS": { "price": 2, "discountRate": 50, "promo": "", "orgPrice": 4 },
      "ACT": { "price": 2, "discountRate": 50, "promo": "", "orgPrice": 4 },
      "NT": { "price": 2.1, "discountRate": 50, "promo": "", "orgPrice": 4.2 }
    },
    "categoryIds": ["c-back-to-school", "c-pantry"],
    "similarProducts": []
  },
  {
    "id": "brekky-heroes-honey-bolts",
    "name": "Brekky Heroes Honey Bolts",
    "brand": "Freedom Foods",
    "imageUrls": [
      "https://shop.coles.com.au/wcsstore/Coles-CAS/images/3/2/0/3208289.jpg"
    ],
    "storeId": "coles",
    "packageSize": "300g",
    "cupPrice": "$0.67 per 100G",
    "locations": {
      "VIC": { "price": 2, "discountRate": 50, "promo": "", "orgPrice": 4 },
      "SA": { "price": 2, "discountRate": 50, "promo": "", "orgPrice": 4 },
      "QLD": { "price": 2, "discountRate": 50, "promo": "", "orgPrice": 4 },
      "NSW": { "price": 2, "discountRate": 50, "promo": "", "orgPrice": 4 },
      "WA": { "price": 2, "discountRate": 50, "promo": "", "orgPrice": 4 },
      "TAS": { "price": 2, "discountRate": 50, "promo": "", "orgPrice": 4 },
      "ACT": { "price": 2, "discountRate": 50, "promo": "", "orgPrice": 4 },
      "NT": { "price": 2.1, "discountRate": 50, "promo": "", "orgPrice": 4.2 }
    },
    "categoryIds": ["c-back-to-school", "c-pantry"],
    "similarProducts": []
  },
  {
    "id": "brekky-heroes-fruity-hoops",
    "name": "Brekky Heroes Fruity Hoops",
    "brand": "Freedom Foods",
    "imageUrls": [
      "https://shop.coles.com.au/wcsstore/Coles-CAS/images/3/2/0/3208303.jpg"
    ],
    "storeId": "coles",
    "packageSize": "285g",
    "cupPrice": "$0.70 per 100G",
    "locations": {
      "VIC": { "price": 2, "discountRate": 50, "promo": "", "orgPrice": 4 },
      "SA": { "price": 2, "discountRate": 50, "promo": "", "orgPrice": 4 },
      "QLD": { "price": 2, "discountRate": 50, "promo": "", "orgPrice": 4 },
      "NSW": { "price": 2, "discountRate": 50, "promo": "", "orgPrice": 4 },
      "WA": { "price": 2, "discountRate": 50, "promo": "", "orgPrice": 4 },
      "TAS": { "price": 2, "discountRate": 50, "promo": "", "orgPrice": 4 },
      "ACT": { "price": 2, "discountRate": 50, "promo": "", "orgPrice": 4 },
      "NT": { "price": 2.1, "discountRate": 50, "promo": "", "orgPrice": 4.2 }
    },
    "categoryIds": ["c-back-to-school", "c-pantry"],
    "similarProducts": []
  },
  {
    "id": "arnotts-chocolate-biscuits-tim-tams-original",
    "name": "Original Chocolate Tim Tam",
    "brand": "Arnott's",
    "imageUrls": [
      "https://shop.coles.com.au/wcsstore/Coles-CAS/images/3/2/9/329607.jpg"
    ],
    "storeId": "coles",
    "packageSize": "200g",
    "cupPrice": "$0.91 per 100G",
    "locations": {
      "VIC": {
        "price": 1.82,
        "discountRate": 50,
        "promo": "",
        "orgPrice": 3.6500000000000004
      },
      "SA": {
        "price": 1.82,
        "discountRate": 50,
        "promo": "",
        "orgPrice": 3.6500000000000004
      },
      "QLD": {
        "price": 1.82,
        "discountRate": 50,
        "promo": "",
        "orgPrice": 3.6500000000000004
      },
      "NSW": {
        "price": 1.82,
        "discountRate": 50,
        "promo": "",
        "orgPrice": 3.6500000000000004
      },
      "WA": {
        "price": 1.82,
        "discountRate": 50,
        "promo": "",
        "orgPrice": 3.6500000000000004
      },
      "TAS": {
        "price": 1.82,
        "discountRate": 50,
        "promo": "",
        "orgPrice": 3.6500000000000004
      },
      "ACT": {
        "price": 1.82,
        "discountRate": 50,
        "promo": "",
        "orgPrice": 3.6500000000000004
      },
      "NT": { "price": 1.91, "discountRate": 50, "promo": "", "orgPrice": 3.83 }
    },
    "categoryIds": ["c-back-to-school", "c-pantry"],
    "similarProducts": []
  },
  {
    "id": "tip-top-english-muffins-original",
    "name": "Original English Muffins 6 Pack",
    "brand": "Tip Top",
    "imageUrls": [
      "https://shop.coles.com.au/wcsstore/Coles-CAS/images/3/3/2/332394.jpg"
    ],
    "storeId": "coles",
    "packageSize": "400g",
    "cupPrice": "$0.63 per 100G",
    "locations": {
      "VIC": { "price": 2.5, "discountRate": 50, "promo": "", "orgPrice": 5 },
      "SA": { "price": 2.5, "discountRate": 50, "promo": "", "orgPrice": 5 },
      "QLD": { "price": 2.5, "discountRate": 50, "promo": "", "orgPrice": 5 },
      "NSW": { "price": 2.5, "discountRate": 50, "promo": "", "orgPrice": 5 },
      "WA": { "price": 2.5, "discountRate": 50, "promo": "", "orgPrice": 5 },
      "ACT": { "price": 2.5, "discountRate": 50, "promo": "", "orgPrice": 5 },
      "NT": { "price": 2.5, "discountRate": 50, "promo": "", "orgPrice": 5 }
    },
    "categoryIds": ["c-back-to-school", "c-bread-bakery"],
    "similarProducts": []
  },
  {
    "id": "arnotts-chocolate-biscuits-tim-tams-double-coat-chocolate",
    "name": "Double Coat Chocolate Tim Tam",
    "brand": "Arnott's",
    "imageUrls": [
      "https://shop.coles.com.au/wcsstore/Coles-CAS/images/7/0/2/7029292.jpg"
    ],
    "storeId": "coles",
    "packageSize": "200g",
    "cupPrice": "$0.91 per 100G",
    "locations": {
      "VIC": {
        "price": 1.82,
        "discountRate": 50,
        "promo": "",
        "orgPrice": 3.6500000000000004
      },
      "SA": {
        "price": 1.82,
        "discountRate": 50,
        "promo": "",
        "orgPrice": 3.6500000000000004
      },
      "QLD": {
        "price": 1.82,
        "discountRate": 50,
        "promo": "",
        "orgPrice": 3.6500000000000004
      },
      "NSW": {
        "price": 1.82,
        "discountRate": 50,
        "promo": "",
        "orgPrice": 3.6500000000000004
      },
      "WA": {
        "price": 1.82,
        "discountRate": 50,
        "promo": "",
        "orgPrice": 3.6500000000000004
      },
      "TAS": {
        "price": 1.82,
        "discountRate": 50,
        "promo": "",
        "orgPrice": 3.6500000000000004
      },
      "ACT": {
        "price": 1.82,
        "discountRate": 50,
        "promo": "",
        "orgPrice": 3.6500000000000004
      },
      "NT": { "price": 1.91, "discountRate": 50, "promo": "", "orgPrice": 3.83 }
    },
    "categoryIds": ["c-back-to-school", "c-entertaining-at-home", "c-pantry"],
    "similarProducts": []
  },
  {
    "id": "tip-top-english-muffins-wholemeal",
    "name": "Wholemeal English Muffins 6 Pack",
    "brand": "Tip Top",
    "imageUrls": [
      "https://shop.coles.com.au/wcsstore/Coles-CAS/images/5/1/3/5137320.jpg"
    ],
    "storeId": "coles",
    "packageSize": "400g",
    "cupPrice": "$0.63 per 100G",
    "locations": {
      "VIC": { "price": 2.5, "discountRate": 50, "promo": "", "orgPrice": 5 },
      "SA": { "price": 2.5, "discountRate": 50, "promo": "", "orgPrice": 5 },
      "QLD": { "price": 2.5, "discountRate": 50, "promo": "", "orgPrice": 5 },
      "NSW": { "price": 2.5, "discountRate": 50, "promo": "", "orgPrice": 5 },
      "WA": { "price": 2.5, "discountRate": 50, "promo": "", "orgPrice": 5 },
      "ACT": { "price": 2.5, "discountRate": 50, "promo": "", "orgPrice": 5 },
      "NT": { "price": 2.5, "discountRate": 50, "promo": "", "orgPrice": 5 }
    },
    "categoryIds": ["c-back-to-school", "c-bread-bakery"],
    "similarProducts": []
  },
  {
    "id": "tip-top-english-muffins-spicy-fruit",
    "name": "Spicy Fruit English Muffins",
    "brand": "Tip Top",
    "imageUrls": [
      "https://shop.coles.com.au/wcsstore/Coles-CAS/images/9/7/9/9795915.jpg"
    ],
    "storeId": "coles",
    "packageSize": "6 pack",
    "cupPrice": "$0.42 per 1Ea",
    "locations": {
      "VIC": { "price": 2.5, "discountRate": 50, "promo": "", "orgPrice": 5 },
      "SA": { "price": 2.5, "discountRate": 50, "promo": "", "orgPrice": 5 },
      "QLD": { "price": 2.5, "discountRate": 50, "promo": "", "orgPrice": 5 },
      "NSW": { "price": 2.5, "discountRate": 50, "promo": "", "orgPrice": 5 },
      "WA": { "price": 2.5, "discountRate": 50, "promo": "", "orgPrice": 5 },
      "ACT": { "price": 2.5, "discountRate": 50, "promo": "", "orgPrice": 5 },
      "NT": { "price": 2.5, "discountRate": 50, "promo": "", "orgPrice": 5 }
    },
    "categoryIds": ["c-back-to-school", "c-bread-bakery"],
    "similarProducts": []
  },
  {
    "id": "arnotts-tim-tams-messina-biscuits-choc-mint",
    "name": "Tim Tam Chocolate Mint Biscuits",
    "brand": "Arnott's",
    "imageUrls": [
      "https://shop.coles.com.au/wcsstore/Coles-CAS/images/2/8/6/2869977.jpg"
    ],
    "storeId": "coles",
    "packageSize": "160g",
    "cupPrice": "$1.14 per 100G",
    "locations": {
      "VIC": {
        "price": 1.82,
        "discountRate": 50,
        "promo": "",
        "orgPrice": 3.6500000000000004
      },
      "SA": {
        "price": 1.82,
        "discountRate": 50,
        "promo": "",
        "orgPrice": 3.6500000000000004
      },
      "QLD": {
        "price": 1.82,
        "discountRate": 50,
        "promo": "",
        "orgPrice": 3.6500000000000004
      },
      "NSW": {
        "price": 1.82,
        "discountRate": 50,
        "promo": "",
        "orgPrice": 3.6500000000000004
      },
      "WA": {
        "price": 1.82,
        "discountRate": 50,
        "promo": "",
        "orgPrice": 3.6500000000000004
      },
      "TAS": {
        "price": 1.82,
        "discountRate": 50,
        "promo": "",
        "orgPrice": 3.6500000000000004
      },
      "ACT": {
        "price": 1.82,
        "discountRate": 50,
        "promo": "",
        "orgPrice": 3.6500000000000004
      },
      "NT": { "price": 1.91, "discountRate": 50, "promo": "", "orgPrice": 3.83 }
    },
    "categoryIds": ["c-back-to-school", "c-entertaining-at-home", "c-pantry"],
    "similarProducts": []
  },
  {
    "id": "arnotts-chocolate-biscuits-tim-tams-chewy-caramel",
    "name": "Chewy Caramel Tim Tam",
    "brand": "Arnott's",
    "imageUrls": [
      "https://shop.coles.com.au/wcsstore/Coles-CAS/images/8/6/5/8655375.jpg"
    ],
    "storeId": "coles",
    "packageSize": "175g",
    "cupPrice": "$1.04 per 100G",
    "locations": {
      "VIC": {
        "price": 1.82,
        "discountRate": 50,
        "promo": "",
        "orgPrice": 3.6500000000000004
      },
      "SA": {
        "price": 1.82,
        "discountRate": 50,
        "promo": "",
        "orgPrice": 3.6500000000000004
      },
      "QLD": {
        "price": 1.82,
        "discountRate": 50,
        "promo": "",
        "orgPrice": 3.6500000000000004
      },
      "NSW": {
        "price": 1.82,
        "discountRate": 50,
        "promo": "",
        "orgPrice": 3.6500000000000004
      },
      "WA": {
        "price": 1.82,
        "discountRate": 50,
        "promo": "",
        "orgPrice": 3.6500000000000004
      },
      "TAS": {
        "price": 1.82,
        "discountRate": 50,
        "promo": "",
        "orgPrice": 3.6500000000000004
      },
      "ACT": {
        "price": 1.82,
        "discountRate": 50,
        "promo": "",
        "orgPrice": 3.6500000000000004
      },
      "NT": { "price": 1.91, "discountRate": 48, "promo": "", "orgPrice": 3.65 }
    },
    "categoryIds": ["c-back-to-school", "c-entertaining-at-home", "c-pantry"],
    "similarProducts": []
  },
  {
    "id": "arnotts-chocolate-biscuits-tim-tams-classic-dark-chocolate",
    "name": "Classic Dark Chocolate Tim Tam",
    "brand": "Arnott's",
    "imageUrls": [
      "https://shop.coles.com.au/wcsstore/Coles-CAS/images/6/0/2/6025536.jpg"
    ],
    "storeId": "coles",
    "packageSize": "200g",
    "cupPrice": "$0.91 per 100G",
    "locations": {
      "VIC": {
        "price": 1.82,
        "discountRate": 50,
        "promo": "",
        "orgPrice": 3.6500000000000004
      },
      "SA": {
        "price": 1.82,
        "discountRate": 50,
        "promo": "",
        "orgPrice": 3.6500000000000004
      },
      "QLD": {
        "price": 1.82,
        "discountRate": 50,
        "promo": "",
        "orgPrice": 3.6500000000000004
      },
      "NSW": {
        "price": 1.82,
        "discountRate": 50,
        "promo": "",
        "orgPrice": 3.6500000000000004
      },
      "WA": {
        "price": 1.82,
        "discountRate": 50,
        "promo": "",
        "orgPrice": 3.6500000000000004
      },
      "TAS": {
        "price": 1.82,
        "discountRate": 50,
        "promo": "",
        "orgPrice": 3.6500000000000004
      },
      "ACT": {
        "price": 1.82,
        "discountRate": 50,
        "promo": "",
        "orgPrice": 3.6500000000000004
      },
      "NT": { "price": 1.91, "discountRate": 50, "promo": "", "orgPrice": 3.83 }
    },
    "categoryIds": ["c-back-to-school", "c-entertaining-at-home", "c-pantry"],
    "similarProducts": []
  },
  {
    "id": "arnotts-chocolate-biscuits-caramel-crowns",
    "name": "Caramel Crowns Chocolate Biscuits",
    "brand": "Arnott's",
    "imageUrls": [
      "https://shop.coles.com.au/wcsstore/Coles-CAS/images/2/5/0/25078.jpg"
    ],
    "storeId": "coles",
    "packageSize": "200g",
    "cupPrice": "$0.91 per 100G",
    "locations": {
      "VIC": {
        "price": 1.82,
        "discountRate": 50,
        "promo": "",
        "orgPrice": 3.6500000000000004
      },
      "SA": {
        "price": 1.82,
        "discountRate": 50,
        "promo": "",
        "orgPrice": 3.6500000000000004
      },
      "QLD": {
        "price": 1.82,
        "discountRate": 50,
        "promo": "",
        "orgPrice": 3.6500000000000004
      },
      "NSW": {
        "price": 1.82,
        "discountRate": 50,
        "promo": "",
        "orgPrice": 3.6500000000000004
      },
      "WA": {
        "price": 1.82,
        "discountRate": 50,
        "promo": "",
        "orgPrice": 3.6500000000000004
      },
      "TAS": {
        "price": 1.82,
        "discountRate": 50,
        "promo": "",
        "orgPrice": 3.6500000000000004
      },
      "ACT": {
        "price": 1.82,
        "discountRate": 50,
        "promo": "",
        "orgPrice": 3.6500000000000004
      },
      "NT": { "price": 1.91, "discountRate": 50, "promo": "", "orgPrice": 3.83 }
    },
    "categoryIds": ["c-back-to-school", "c-entertaining-at-home", "c-pantry"],
    "similarProducts": []
  },
  {
    "id": "arnotts-chocolate-biscuits-mint-slice",
    "name": "Mint Slice Chocolate Biscuits",
    "brand": "Arnott's",
    "imageUrls": [
      "https://shop.coles.com.au/wcsstore/Coles-CAS/images/3/2/9/329571.jpg"
    ],
    "storeId": "coles",
    "packageSize": "200g",
    "cupPrice": "$0.91 per 100G",
    "locations": {
      "VIC": {
        "price": 1.82,
        "discountRate": 50,
        "promo": "",
        "orgPrice": 3.6500000000000004
      },
      "SA": {
        "price": 1.82,
        "discountRate": 50,
        "promo": "",
        "orgPrice": 3.6500000000000004
      },
      "QLD": {
        "price": 1.82,
        "discountRate": 50,
        "promo": "",
        "orgPrice": 3.6500000000000004
      },
      "NSW": {
        "price": 1.82,
        "discountRate": 50,
        "promo": "",
        "orgPrice": 3.6500000000000004
      },
      "WA": {
        "price": 1.82,
        "discountRate": 50,
        "promo": "",
        "orgPrice": 3.6500000000000004
      },
      "TAS": {
        "price": 1.82,
        "discountRate": 50,
        "promo": "",
        "orgPrice": 3.6500000000000004
      },
      "ACT": {
        "price": 1.82,
        "discountRate": 50,
        "promo": "",
        "orgPrice": 3.6500000000000004
      },
      "NT": { "price": 1.91, "discountRate": 50, "promo": "", "orgPrice": 3.83 }
    },
    "categoryIds": ["c-back-to-school", "c-entertaining-at-home", "c-pantry"],
    "similarProducts": []
  },
  {
    "id": "arnotts-chocolate-biscuits-tim-tam-white",
    "name": "Tim Tam White Chocolate Biscuits",
    "brand": "Arnott's",
    "imageUrls": [
      "https://shop.coles.com.au/wcsstore/Coles-CAS/images/7/2/4/7243805.jpg"
    ],
    "storeId": "coles",
    "packageSize": "165g",
    "cupPrice": "$1.10 per 100G",
    "locations": {
      "VIC": {
        "price": 1.82,
        "discountRate": 50,
        "promo": "",
        "orgPrice": 3.6500000000000004
      },
      "SA": {
        "price": 1.82,
        "discountRate": 50,
        "promo": "",
        "orgPrice": 3.6500000000000004
      },
      "QLD": {
        "price": 1.82,
        "discountRate": 50,
        "promo": "",
        "orgPrice": 3.6500000000000004
      },
      "NSW": {
        "price": 1.82,
        "discountRate": 50,
        "promo": "",
        "orgPrice": 3.6500000000000004
      },
      "WA": {
        "price": 1.82,
        "discountRate": 50,
        "promo": "",
        "orgPrice": 3.6500000000000004
      },
      "TAS": {
        "price": 1.82,
        "discountRate": 50,
        "promo": "",
        "orgPrice": 3.6500000000000004
      },
      "ACT": {
        "price": 1.82,
        "discountRate": 50,
        "promo": "",
        "orgPrice": 3.6500000000000004
      },
      "NT": { "price": 1.91, "discountRate": 50, "promo": "", "orgPrice": 3.83 }
    },
    "categoryIds": ["c-back-to-school", "c-entertaining-at-home", "c-pantry"],
    "similarProducts": []
  },
  {
    "id": "tip-top-english-muffins-multigrain",
    "name": "Multigrain English Muffins 6 Pack",
    "brand": "Tip Top",
    "imageUrls": [
      "https://shop.coles.com.au/wcsstore/Coles-CAS/images/2/9/3/293099.jpg"
    ],
    "storeId": "coles",
    "packageSize": "400g",
    "cupPrice": "$0.63 per 100G",
    "locations": {
      "VIC": { "price": 2.5, "discountRate": 50, "promo": "", "orgPrice": 5 },
      "SA": { "price": 2.5, "discountRate": 50, "promo": "", "orgPrice": 5 },
      "QLD": { "price": 2.5, "discountRate": 50, "promo": "", "orgPrice": 5 },
      "NSW": { "price": 2.5, "discountRate": 50, "promo": "", "orgPrice": 5 },
      "WA": { "price": 2.5, "discountRate": 50, "promo": "", "orgPrice": 5 },
      "ACT": { "price": 2.5, "discountRate": 50, "promo": "", "orgPrice": 5 },
      "NT": { "price": 2.5, "discountRate": 50, "promo": "", "orgPrice": 5 }
    },
    "categoryIds": ["c-back-to-school", "c-bread-bakery"],
    "similarProducts": []
  },
  {
    "id": "arnotts-biscuits-teddy-bear-chocolate-coated",
    "name": "Chocolate Coated Teddy Bear Biscuits",
    "brand": "Arnott's",
    "imageUrls": [
      "https://shop.coles.com.au/wcsstore/Coles-CAS/images/3/2/9/329582.jpg"
    ],
    "storeId": "coles",
    "packageSize": "200g",
    "cupPrice": "$0.91 per 100G",
    "locations": {
      "VIC": {
        "price": 1.82,
        "discountRate": 50,
        "promo": "",
        "orgPrice": 3.6500000000000004
      },
      "SA": {
        "price": 1.82,
        "discountRate": 50,
        "promo": "",
        "orgPrice": 3.6500000000000004
      },
      "QLD": {
        "price": 1.82,
        "discountRate": 50,
        "promo": "",
        "orgPrice": 3.6500000000000004
      },
      "NSW": {
        "price": 1.82,
        "discountRate": 50,
        "promo": "",
        "orgPrice": 3.6500000000000004
      },
      "WA": {
        "price": 1.82,
        "discountRate": 50,
        "promo": "",
        "orgPrice": 3.6500000000000004
      },
      "TAS": {
        "price": 1.82,
        "discountRate": 50,
        "promo": "",
        "orgPrice": 3.6500000000000004
      },
      "ACT": {
        "price": 1.82,
        "discountRate": 50,
        "promo": "",
        "orgPrice": 3.6500000000000004
      },
      "NT": { "price": 1.91, "discountRate": 50, "promo": "", "orgPrice": 3.83 }
    },
    "categoryIds": ["c-back-to-school", "c-entertaining-at-home", "c-pantry"],
    "similarProducts": []
  },
  {
    "id": "arnotts-chocolate-biscuits-royals-milk-chocolate",
    "name": "Milk Chocolate Royals",
    "brand": "Arnott's",
    "imageUrls": [
      "https://shop.coles.com.au/wcsstore/Coles-CAS/images/3/5/8/358718.jpg"
    ],
    "storeId": "coles",
    "packageSize": "200g",
    "cupPrice": "$0.91 per 100G",
    "locations": {
      "VIC": {
        "price": 1.82,
        "discountRate": 50,
        "promo": "",
        "orgPrice": 3.6500000000000004
      },
      "SA": {
        "price": 1.82,
        "discountRate": 50,
        "promo": "",
        "orgPrice": 3.6500000000000004
      },
      "QLD": {
        "price": 1.82,
        "discountRate": 50,
        "promo": "",
        "orgPrice": 3.6500000000000004
      },
      "NSW": {
        "price": 1.82,
        "discountRate": 50,
        "promo": "",
        "orgPrice": 3.6500000000000004
      },
      "WA": {
        "price": 1.82,
        "discountRate": 50,
        "promo": "",
        "orgPrice": 3.6500000000000004
      },
      "TAS": {
        "price": 1.82,
        "discountRate": 50,
        "promo": "",
        "orgPrice": 3.6500000000000004
      },
      "ACT": {
        "price": 1.82,
        "discountRate": 50,
        "promo": "",
        "orgPrice": 3.6500000000000004
      },
      "NT": { "price": 1.91, "discountRate": 50, "promo": "", "orgPrice": 3.83 }
    },
    "categoryIds": ["c-back-to-school", "c-entertaining-at-home", "c-pantry"],
    "similarProducts": []
  },
  {
    "id": "arnotts-biscuits-scotch-finger-chocolate-coated",
    "name": "Chocolate Coated Scotch Finger Biscuits",
    "brand": "Arnott's",
    "imageUrls": [
      "https://shop.coles.com.au/wcsstore/Coles-CAS/images/5/5/1/5514923.jpg"
    ],
    "storeId": "coles",
    "packageSize": "250g",
    "cupPrice": "$0.73 per 100G",
    "locations": {
      "VIC": {
        "price": 1.82,
        "discountRate": 50,
        "promo": "",
        "orgPrice": 3.6500000000000004
      },
      "SA": {
        "price": 1.82,
        "discountRate": 50,
        "promo": "",
        "orgPrice": 3.6500000000000004
      },
      "QLD": {
        "price": 1.82,
        "discountRate": 50,
        "promo": "",
        "orgPrice": 3.6500000000000004
      },
      "NSW": {
        "price": 1.82,
        "discountRate": 50,
        "promo": "",
        "orgPrice": 3.6500000000000004
      },
      "WA": {
        "price": 1.82,
        "discountRate": 50,
        "promo": "",
        "orgPrice": 3.6500000000000004
      },
      "TAS": {
        "price": 1.82,
        "discountRate": 50,
        "promo": "",
        "orgPrice": 3.6500000000000004
      },
      "ACT": {
        "price": 1.82,
        "discountRate": 50,
        "promo": "",
        "orgPrice": 3.6500000000000004
      },
      "NT": { "price": 1.91, "discountRate": 50, "promo": "", "orgPrice": 3.83 }
    },
    "categoryIds": ["c-back-to-school", "c-entertaining-at-home", "c-pantry"],
    "similarProducts": []
  },
  {
    "id": "kelloggs-cereal-coco-pops",
    "name": "Coco Pops Chocolatey Breakfast Cereal",
    "brand": "Kellogg's",
    "imageUrls": [
      "https://shop.coles.com.au/wcsstore/Coles-CAS/images/8/4/9/8494298.jpg"
    ],
    "storeId": "coles",
    "packageSize": "650g",
    "cupPrice": "$0.58 per 100G",
    "locations": {
      "VIC": {
        "price": 3.75,
        "discountRate": 50,
        "promo": "",
        "orgPrice": 7.5
      },
      "SA": { "price": 3.75, "discountRate": 50, "promo": "", "orgPrice": 7.5 },
      "QLD": {
        "price": 3.75,
        "discountRate": 50,
        "promo": "",
        "orgPrice": 7.5
      },
      "NSW": {
        "price": 3.75,
        "discountRate": 50,
        "promo": "",
        "orgPrice": 7.5
      },
      "WA": { "price": 3.75, "discountRate": 50, "promo": "", "orgPrice": 7.5 },
      "TAS": {
        "price": 3.75,
        "discountRate": 50,
        "promo": "",
        "orgPrice": 7.5
      },
      "ACT": {
        "price": 3.75,
        "discountRate": 50,
        "promo": "",
        "orgPrice": 7.5
      },
      "NT": { "price": 3.94, "discountRate": 50, "promo": "", "orgPrice": 7.84 }
    },
    "categoryIds": ["c-back-to-school", "c-pantry"],
    "similarProducts": []
  },
  {
    "id": "arnotts-chocolate-biscuits-gaiety",
    "name": "Gaiety Chocolate Biscuits",
    "brand": "Arnott's",
    "imageUrls": [
      "https://shop.coles.com.au/wcsstore/Coles-CAS/images/3/2/9/329618.jpg"
    ],
    "storeId": "coles",
    "packageSize": "160g",
    "cupPrice": "$1.14 per 100G",
    "locations": {
      "VIC": {
        "price": 1.82,
        "discountRate": 50,
        "promo": "",
        "orgPrice": 3.6500000000000004
      },
      "SA": {
        "price": 1.82,
        "discountRate": 50,
        "promo": "",
        "orgPrice": 3.6500000000000004
      },
      "QLD": {
        "price": 1.82,
        "discountRate": 50,
        "promo": "",
        "orgPrice": 3.6500000000000004
      },
      "NSW": {
        "price": 1.82,
        "discountRate": 50,
        "promo": "",
        "orgPrice": 3.6500000000000004
      },
      "WA": {
        "price": 1.82,
        "discountRate": 50,
        "promo": "",
        "orgPrice": 3.6500000000000004
      },
      "TAS": {
        "price": 1.82,
        "discountRate": 50,
        "promo": "",
        "orgPrice": 3.6500000000000004
      },
      "ACT": {
        "price": 1.82,
        "discountRate": 50,
        "promo": "",
        "orgPrice": 3.6500000000000004
      },
      "NT": { "price": 1.91, "discountRate": 50, "promo": "", "orgPrice": 3.83 }
    },
    "categoryIds": ["c-back-to-school", "c-entertaining-at-home", "c-pantry"],
    "similarProducts": []
  },
  {
    "id": "arnotts-chocolate-biscuits-monte",
    "name": "Monte Chocolate Biscuits",
    "brand": "Arnott's",
    "imageUrls": [
      "https://shop.coles.com.au/wcsstore/Coles-CAS/images/2/3/5/235060.jpg"
    ],
    "storeId": "coles",
    "packageSize": "200g",
    "cupPrice": "$0.91 per 100G",
    "locations": {
      "VIC": {
        "price": 1.82,
        "discountRate": 50,
        "promo": "",
        "orgPrice": 3.6500000000000004
      },
      "SA": {
        "price": 1.82,
        "discountRate": 50,
        "promo": "",
        "orgPrice": 3.6500000000000004
      },
      "QLD": {
        "price": 1.82,
        "discountRate": 50,
        "promo": "",
        "orgPrice": 3.6500000000000004
      },
      "NSW": {
        "price": 1.82,
        "discountRate": 50,
        "promo": "",
        "orgPrice": 3.6500000000000004
      },
      "WA": {
        "price": 1.82,
        "discountRate": 50,
        "promo": "",
        "orgPrice": 3.6500000000000004
      },
      "TAS": {
        "price": 1.82,
        "discountRate": 50,
        "promo": "",
        "orgPrice": 3.6500000000000004
      },
      "ACT": {
        "price": 1.82,
        "discountRate": 50,
        "promo": "",
        "orgPrice": 3.6500000000000004
      },
      "NT": { "price": 1.91, "discountRate": 50, "promo": "", "orgPrice": 3.83 }
    },
    "categoryIds": ["c-back-to-school", "c-entertaining-at-home", "c-pantry"],
    "similarProducts": []
  },
  {
    "id": "coles-gooey-cookie-caramel-filled",
    "name": "Gooey Caramel Filled Cookie Crumbles 8 Pack",
    "brand": "Coles",
    "imageUrls": [
      "https://shop.coles.com.au/wcsstore/Coles-CAS/images/3/2/8/3288798.jpg"
    ],
    "storeId": "coles",
    "packageSize": "200g",
    "cupPrice": "$1.75 per 100G",
    "locations": {
      "VIC": {
        "price": 3.5,
        "discountRate": 57,
        "promo": "2 for $3",
        "orgPrice": 3.5
      }
    },
    "categoryIds": ["c-back-to-school", "c-pantry"],
    "similarProducts": []
  },
  {
    "id": "pringles-sour-cream-onion-potato-chips",
    "name": "Sour Cream & Onion Potato Chips",
    "brand": "Pringles",
    "imageUrls": [
      "https://shop.coles.com.au/wcsstore/Coles-CAS/images/2/7/8/2784058.jpg"
    ],
    "storeId": "coles",
    "packageSize": "134g",
    "cupPrice": "$2.99 per 100G",
    "locations": {
      "VIC": {
        "price": 4,
        "discountRate": 50,
        "promo": "Any 3 $6",
        "orgPrice": 4
      },
      "SA": {
        "price": 4,
        "discountRate": 50,
        "promo": "Any 3 $6",
        "orgPrice": 4
      },
      "QLD": {
        "price": 4,
        "discountRate": 50,
        "promo": "Any 3 $6",
        "orgPrice": 4
      },
      "NSW": {
        "price": 4,
        "discountRate": 50,
        "promo": "Any 3 $6",
        "orgPrice": 4
      },
      "WA": {
        "price": 4,
        "discountRate": 50,
        "promo": "Any 3 $6",
        "orgPrice": 4
      },
      "TAS": {
        "price": 4,
        "discountRate": 50,
        "promo": "Any 3 $6",
        "orgPrice": 4
      },
      "ACT": {
        "price": 4,
        "discountRate": 50,
        "promo": "Any 3 $6",
        "orgPrice": 4
      },
      "NT": {
        "price": 4.2,
        "discountRate": 52,
        "promo": "Any 3 $6",
        "orgPrice": 4.2
      }
    },
    "categoryIds": ["c-back-to-school", "c-entertaining-at-home", "c-pantry"],
    "similarProducts": []
  },
  {
    "id": "belvita-biscuits-breakfast-fruit-fibre-6-pack",
    "name": "Fruit and Fibre Breakfast Biscuits 6 Pack",
    "brand": "Belvita",
    "imageUrls": [
      "https://shop.coles.com.au/wcsstore/Coles-CAS/images/9/1/0/9109870.jpg"
    ],
    "storeId": "coles",
    "packageSize": "300g",
    "cupPrice": "$0.67 per 100G",
    "locations": {
      "VIC": { "price": 2, "discountRate": 50, "promo": "", "orgPrice": 4 },
      "SA": { "price": 2, "discountRate": 50, "promo": "", "orgPrice": 4 },
      "QLD": { "price": 2, "discountRate": 50, "promo": "", "orgPrice": 4 },
      "NSW": { "price": 2, "discountRate": 50, "promo": "", "orgPrice": 4 },
      "WA": { "price": 2, "discountRate": 50, "promo": "", "orgPrice": 4 },
      "TAS": { "price": 2, "discountRate": 50, "promo": "", "orgPrice": 4 },
      "ACT": { "price": 2, "discountRate": 50, "promo": "", "orgPrice": 4 },
      "NT": { "price": 2.1, "discountRate": 48, "promo": "", "orgPrice": 4 }
    },
    "categoryIds": ["c-back-to-school", "c-pantry"],
    "similarProducts": []
  },
  {
    "id": "belvita-biscuits-breakfast-honey-nut-6-pack",
    "name": "Honey and Nut Breakfast Biscuits 6 Pack",
    "brand": "Belvita",
    "imageUrls": [
      "https://shop.coles.com.au/wcsstore/Coles-CAS/images/1/0/2/1020783.jpg"
    ],
    "storeId": "coles",
    "packageSize": "300g",
    "cupPrice": "$0.67 per 100G",
    "locations": {
      "VIC": { "price": 2, "discountRate": 50, "promo": "", "orgPrice": 4 },
      "SA": { "price": 2, "discountRate": 50, "promo": "", "orgPrice": 4 },
      "QLD": { "price": 2, "discountRate": 50, "promo": "", "orgPrice": 4 },
      "NSW": { "price": 2, "discountRate": 50, "promo": "", "orgPrice": 4 },
      "WA": { "price": 2, "discountRate": 50, "promo": "", "orgPrice": 4 },
      "TAS": { "price": 2, "discountRate": 50, "promo": "", "orgPrice": 4 },
      "ACT": { "price": 2, "discountRate": 50, "promo": "", "orgPrice": 4 },
      "NT": { "price": 2.1, "discountRate": 50, "promo": "", "orgPrice": 4.2 }
    },
    "categoryIds": ["c-back-to-school", "c-entertaining-at-home", "c-pantry"],
    "similarProducts": []
  },
  {
    "id": "brekky-heroes-berry-loops",
    "name": "Brekky Heroes Berry Loops",
    "brand": "Freedom Foods",
    "imageUrls": [
      "https://shop.coles.com.au/wcsstore/Coles-CAS/images/3/5/0/3507133.jpg"
    ],
    "storeId": "coles",
    "packageSize": "275g",
    "cupPrice": "$0.73 per 100G",
    "locations": {
      "VIC": { "price": 2, "discountRate": 50, "promo": "", "orgPrice": 4 },
      "SA": { "price": 2, "discountRate": 50, "promo": "", "orgPrice": 4 },
      "QLD": { "price": 2, "discountRate": 50, "promo": "", "orgPrice": 4 },
      "NSW": { "price": 2, "discountRate": 50, "promo": "", "orgPrice": 4 },
      "WA": { "price": 2, "discountRate": 50, "promo": "", "orgPrice": 4 },
      "TAS": { "price": 2, "discountRate": 50, "promo": "", "orgPrice": 4 },
      "ACT": { "price": 2, "discountRate": 50, "promo": "", "orgPrice": 4 },
      "NT": { "price": 2.1, "discountRate": 50, "promo": "", "orgPrice": 4.2 }
    },
    "categoryIds": ["c-back-to-school", "c-pantry"],
    "similarProducts": []
  },
  {
    "id": "brekky-heroes-malt-clusters",
    "name": "Brekky Heroes Choc Malt Clusters",
    "brand": "Freedom Foods",
    "imageUrls": [
      "https://shop.coles.com.au/wcsstore/Coles-CAS/images/3/5/0/3507122.jpg"
    ],
    "storeId": "coles",
    "packageSize": "390g",
    "cupPrice": "$0.51 per 100G",
    "locations": {
      "VIC": { "price": 2, "discountRate": 50, "promo": "", "orgPrice": 4 },
      "SA": { "price": 2, "discountRate": 50, "promo": "", "orgPrice": 4 },
      "NSW": { "price": 2, "discountRate": 50, "promo": "", "orgPrice": 4 },
      "WA": { "price": 2, "discountRate": 50, "promo": "", "orgPrice": 4 },
      "TAS": { "price": 2, "discountRate": 50, "promo": "", "orgPrice": 4 },
      "ACT": { "price": 2, "discountRate": 50, "promo": "", "orgPrice": 4 },
      "NT": { "price": 2.1, "discountRate": 50, "promo": "", "orgPrice": 4.2 }
    },
    "categoryIds": ["c-back-to-school", "c-pantry"],
    "similarProducts": []
  },
  {
    "id": "heinz-condensed-big-red-tomato-soup",
    "name": "Big Red Tomato Soup Can",
    "brand": "Heinz",
    "imageUrls": [
      "https://shop.coles.com.au/wcsstore/Coles-CAS/images/1/2/8/128503.jpg"
    ],
    "storeId": "coles",
    "packageSize": "420g",
    "cupPrice": "$0.26 per 100G",
    "locations": {
      "VIC": { "price": 1.1, "discountRate": 50, "promo": "", "orgPrice": 2.2 },
      "SA": { "price": 1.1, "discountRate": 50, "promo": "", "orgPrice": 2.2 },
      "QLD": { "price": 1.1, "discountRate": 50, "promo": "", "orgPrice": 2.2 },
      "NSW": { "price": 1.1, "discountRate": 50, "promo": "", "orgPrice": 2.2 },
      "WA": { "price": 1.1, "discountRate": 50, "promo": "", "orgPrice": 2.2 },
      "TAS": { "price": 1.1, "discountRate": 50, "promo": "", "orgPrice": 2.2 },
      "ACT": { "price": 1.1, "discountRate": 50, "promo": "", "orgPrice": 2.2 },
      "NT": { "price": 1.1, "discountRate": 52, "promo": "", "orgPrice": 2.31 }
    },
    "categoryIds": ["c-winter", "c-pantry"],
    "similarProducts": []
  },
  {
    "id": "heinz-condensed-soup-big-red-tomato-salt-reduced",
    "name": "Big Red Tomato Soup Can Salt Reduced",
    "brand": "Heinz",
    "imageUrls": [
      "https://shop.coles.com.au/wcsstore/Coles-CAS/images/4/6/0/460441.jpg"
    ],
    "storeId": "coles",
    "packageSize": "420g",
    "cupPrice": "$0.26 per 100G",
    "locations": {
      "VIC": { "price": 1.1, "discountRate": 50, "promo": "", "orgPrice": 2.2 },
      "SA": { "price": 1.1, "discountRate": 50, "promo": "", "orgPrice": 2.2 },
      "QLD": { "price": 1.1, "discountRate": 50, "promo": "", "orgPrice": 2.2 },
      "NSW": { "price": 1.1, "discountRate": 50, "promo": "", "orgPrice": 2.2 },
      "WA": { "price": 1.1, "discountRate": 50, "promo": "", "orgPrice": 2.2 },
      "TAS": { "price": 1.1, "discountRate": 50, "promo": "", "orgPrice": 2.2 },
      "ACT": { "price": 1.1, "discountRate": 50, "promo": "", "orgPrice": 2.2 },
      "NT": { "price": 1.1, "discountRate": 52, "promo": "", "orgPrice": 2.31 }
    },
    "categoryIds": ["c-winter", "c-pantry"],
    "similarProducts": []
  },
  {
    "id": "nivea-soft-intensive-moisturising-creme",
    "name": "Soft Cream Lotion Moisturiser  + Jojoba Oil & Vitamin E",
    "brand": "Nivea",
    "imageUrls": [
      "https://shop.coles.com.au/wcsstore/Coles-CAS/images/6/0/8/6086596.jpg"
    ],
    "storeId": "coles",
    "packageSize": "200mL",
    "cupPrice": "$2.50 per 100mL",
    "locations": {
      "VIC": { "price": 5, "discountRate": 50, "promo": "", "orgPrice": 10 },
      "SA": { "price": 5, "discountRate": 50, "promo": "", "orgPrice": 10 },
      "QLD": { "price": 5, "discountRate": 50, "promo": "", "orgPrice": 10 },
      "NSW": { "price": 5, "discountRate": 50, "promo": "", "orgPrice": 10 },
      "WA": { "price": 5, "discountRate": 50, "promo": "", "orgPrice": 10 },
      "TAS": { "price": 5, "discountRate": 50, "promo": "", "orgPrice": 10 },
      "ACT": { "price": 5, "discountRate": 50, "promo": "", "orgPrice": 10 },
      "NT": { "price": 5.25, "discountRate": 50, "promo": "", "orgPrice": 10.5 }
    },
    "categoryIds": ["c-winter", "c-health-beauty"],
    "similarProducts": []
  },
  {
    "id": "swisse-ultibost-vitamin-c-effervescent",
    "name": "Ultiboost Vitamin C Effervescent",
    "brand": "Swisse",
    "imageUrls": [
      "https://shop.coles.com.au/wcsstore/Coles-CAS/images/3/7/5/3758326.jpg"
    ],
    "storeId": "coles",
    "packageSize": "20 pack",
    "cupPrice": "$32.50 per 100Ea",
    "locations": {
      "VIC": { "price": 6.5, "discountRate": 50, "promo": "", "orgPrice": 13 },
      "SA": { "price": 6.5, "discountRate": 50, "promo": "", "orgPrice": 13 },
      "QLD": { "price": 6.5, "discountRate": 50, "promo": "", "orgPrice": 13 },
      "NSW": { "price": 6.5, "discountRate": 50, "promo": "", "orgPrice": 13 },
      "WA": { "price": 6.5, "discountRate": 50, "promo": "", "orgPrice": 13 },
      "TAS": { "price": 6.5, "discountRate": 50, "promo": "", "orgPrice": 13 },
      "ACT": { "price": 6.5, "discountRate": 50, "promo": "", "orgPrice": 13 },
      "NT": {
        "price": 6.82,
        "discountRate": 50,
        "promo": "",
        "orgPrice": 13.65
      }
    },
    "categoryIds": ["c-winter", "c-healthy-living", "c-health-beauty"],
    "similarProducts": []
  },
  {
    "id": "nivea-creme-tin-moisturiser",
    "name": "All Purpose Cream Moisturiser for Body Face & Hands",
    "brand": "Nivea",
    "imageUrls": [
      "https://shop.coles.com.au/wcsstore/Coles-CAS/images/2/8/5/2857934.jpg"
    ],
    "storeId": "coles",
    "packageSize": "150mL",
    "cupPrice": "$2.67 per 100mL",
    "locations": {
      "VIC": { "price": 4, "discountRate": 50, "promo": "", "orgPrice": 8 },
      "SA": { "price": 4, "discountRate": 50, "promo": "", "orgPrice": 8 },
      "QLD": { "price": 4, "discountRate": 50, "promo": "", "orgPrice": 8 },
      "NSW": { "price": 4, "discountRate": 50, "promo": "", "orgPrice": 8 },
      "WA": { "price": 4, "discountRate": 50, "promo": "", "orgPrice": 8 },
      "TAS": { "price": 4, "discountRate": 50, "promo": "", "orgPrice": 8 },
      "ACT": { "price": 4, "discountRate": 50, "promo": "", "orgPrice": 8 },
      "NT": { "price": 4.2, "discountRate": 50, "promo": "", "orgPrice": 8.4 }
    },
    "categoryIds": ["c-winter", "c-health-beauty"],
    "similarProducts": []
  },
  {
    "id": "swisse-vitamins-ultiboost-zinc-capsules",
    "name": "Ultiboost Zinc+ Tablets",
    "brand": "Swisse",
    "imageUrls": [
      "https://shop.coles.com.au/wcsstore/Coles-CAS/images/9/1/2/9120329.jpg"
    ],
    "storeId": "coles",
    "packageSize": "60 pack",
    "cupPrice": "$13.50 per 100Ea",
    "locations": {
      "VIC": {
        "price": 8.1,
        "discountRate": 50,
        "promo": "",
        "orgPrice": 16.2
      },
      "SA": { "price": 8.1, "discountRate": 50, "promo": "", "orgPrice": 16.2 },
      "QLD": {
        "price": 8.1,
        "discountRate": 50,
        "promo": "",
        "orgPrice": 16.2
      },
      "NSW": {
        "price": 8.1,
        "discountRate": 50,
        "promo": "",
        "orgPrice": 16.2
      },
      "WA": { "price": 8.1, "discountRate": 50, "promo": "", "orgPrice": 16.2 },
      "TAS": {
        "price": 8.1,
        "discountRate": 50,
        "promo": "",
        "orgPrice": 16.2
      },
      "ACT": {
        "price": 8.1,
        "discountRate": 50,
        "promo": "",
        "orgPrice": 16.2
      },
      "NT": { "price": 8.5, "discountRate": 48, "promo": "", "orgPrice": 16.2 }
    },
    "categoryIds": ["c-winter", "c-healthy-living", "c-health-beauty"],
    "similarProducts": []
  },
  {
    "id": "swisse-ultiboost-high-strength-c-tablets",
    "name": "High Strength C",
    "brand": "Swisse",
    "imageUrls": [
      "https://shop.coles.com.au/wcsstore/Coles-CAS/images/2/8/6/2869456.jpg"
    ],
    "storeId": "coles",
    "packageSize": "150 Pack",
    "cupPrice": "$0.13 per 1Ea",
    "locations": {
      "VIC": { "price": 20, "discountRate": 50, "promo": "", "orgPrice": 40 },
      "SA": { "price": 20, "discountRate": 50, "promo": "", "orgPrice": 40 },
      "QLD": { "price": 20, "discountRate": 50, "promo": "", "orgPrice": 40 },
      "NSW": { "price": 20, "discountRate": 50, "promo": "", "orgPrice": 40 },
      "WA": { "price": 20, "discountRate": 50, "promo": "", "orgPrice": 40 },
      "TAS": { "price": 20, "discountRate": 50, "promo": "", "orgPrice": 40 },
      "ACT": { "price": 20, "discountRate": 50, "promo": "", "orgPrice": 40 },
      "NT": { "price": 21, "discountRate": 50, "promo": "", "orgPrice": 42 }
    },
    "categoryIds": ["c-winter", "c-healthy-living", "c-health-beauty"],
    "similarProducts": []
  },
  {
    "id": "swisse-ultibiotic-daily-immune-probiotic",
    "name": "Ultibiotic Daily Immune Probiotic Capsules",
    "brand": "Swisse",
    "imageUrls": [
      "https://shop.coles.com.au/wcsstore/Coles-CAS/images/3/4/6/3469271.jpg"
    ],
    "storeId": "coles",
    "packageSize": "30 pack",
    "cupPrice": "$53.34 per 100Ea",
    "locations": {
      "VIC": { "price": 16, "discountRate": 50, "promo": "", "orgPrice": 32 },
      "SA": { "price": 16, "discountRate": 50, "promo": "", "orgPrice": 32 },
      "QLD": { "price": 16, "discountRate": 50, "promo": "", "orgPrice": 32 },
      "NSW": { "price": 16, "discountRate": 50, "promo": "", "orgPrice": 32 },
      "WA": { "price": 16, "discountRate": 50, "promo": "", "orgPrice": 32 },
      "TAS": { "price": 16, "discountRate": 50, "promo": "", "orgPrice": 32 },
      "ACT": { "price": 16, "discountRate": 50, "promo": "", "orgPrice": 32 },
      "NT": { "price": 16.8, "discountRate": 50, "promo": "", "orgPrice": 33.6 }
    },
    "categoryIds": ["c-winter", "c-healthy-living", "c-health-beauty"],
    "similarProducts": [
      { "productId": "cw-89646", "storeId": "chemist-warehouse" }
    ]
  },
  {
    "id": "swisse-ultibost-vitamin-c-chewable-3758315p",
    "name": "Ultiboost Vitamin C Chewable",
    "brand": "Swisse",
    "imageUrls": [
      "https://shop.coles.com.au/wcsstore/Coles-CAS/images/3/7/5/3758315.jpg"
    ],
    "storeId": "coles",
    "packageSize": "110 pack",
    "cupPrice": "$5.00 per 100Ea",
    "locations": {
      "VIC": { "price": 5.5, "discountRate": 50, "promo": "", "orgPrice": 11 },
      "SA": { "price": 5.5, "discountRate": 50, "promo": "", "orgPrice": 11 },
      "QLD": { "price": 5.5, "discountRate": 50, "promo": "", "orgPrice": 11 },
      "NSW": { "price": 5.5, "discountRate": 50, "promo": "", "orgPrice": 11 },
      "WA": { "price": 5.5, "discountRate": 50, "promo": "", "orgPrice": 11 },
      "TAS": { "price": 5.5, "discountRate": 50, "promo": "", "orgPrice": 11 },
      "ACT": { "price": 5.5, "discountRate": 50, "promo": "", "orgPrice": 11 },
      "NT": {
        "price": 5.77,
        "discountRate": 50,
        "promo": "",
        "orgPrice": 11.55
      }
    },
    "categoryIds": ["c-winter", "c-healthy-living", "c-health-beauty"],
    "similarProducts": []
  },
  {
    "id": "swisse-ultibost-daily-immune-support-3758279p",
    "name": "Ultiboost Daily Immune Support",
    "brand": "Swisse",
    "imageUrls": [
      "https://shop.coles.com.au/wcsstore/Coles-CAS/images/3/7/5/3758279.jpg"
    ],
    "storeId": "coles",
    "packageSize": "60 pack",
    "cupPrice": "$16.67 per 100Ea",
    "locations": {
      "VIC": { "price": 10, "discountRate": 50, "promo": "", "orgPrice": 20 },
      "SA": { "price": 10, "discountRate": 50, "promo": "", "orgPrice": 20 },
      "QLD": { "price": 10, "discountRate": 50, "promo": "", "orgPrice": 20 },
      "NSW": { "price": 10, "discountRate": 50, "promo": "", "orgPrice": 20 },
      "WA": { "price": 10, "discountRate": 50, "promo": "", "orgPrice": 20 },
      "TAS": { "price": 10, "discountRate": 50, "promo": "", "orgPrice": 20 },
      "ACT": { "price": 10, "discountRate": 50, "promo": "", "orgPrice": 20 },
      "NT": { "price": 10.5, "discountRate": 50, "promo": "", "orgPrice": 21 }
    },
    "categoryIds": ["c-winter", "c-healthy-living", "c-health-beauty"],
    "similarProducts": []
  },
  {
    "id": "swisse-ultibost-immune-action-3758280p",
    "name": "Ultiboost Immune Action",
    "brand": "Swisse",
    "imageUrls": [
      "https://shop.coles.com.au/wcsstore/Coles-CAS/images/3/7/5/3758280.jpg"
    ],
    "storeId": "coles",
    "packageSize": "60 pack",
    "cupPrice": "$25.00 per 100Ea",
    "locations": {
      "VIC": { "price": 15, "discountRate": 50, "promo": "", "orgPrice": 30 },
      "SA": { "price": 15, "discountRate": 50, "promo": "", "orgPrice": 30 },
      "QLD": { "price": 15, "discountRate": 50, "promo": "", "orgPrice": 30 },
      "NSW": { "price": 15, "discountRate": 50, "promo": "", "orgPrice": 30 },
      "WA": { "price": 15, "discountRate": 50, "promo": "", "orgPrice": 30 },
      "TAS": { "price": 15, "discountRate": 50, "promo": "", "orgPrice": 30 },
      "ACT": { "price": 15, "discountRate": 50, "promo": "", "orgPrice": 30 },
      "NT": {
        "price": 15.75,
        "discountRate": 50,
        "promo": "",
        "orgPrice": 31.5
      }
    },
    "categoryIds": ["c-winter", "c-healthy-living", "c-health-beauty"],
    "similarProducts": []
  },
  {
    "id": "mccain-potato-fries-crunchy-beer-batter-steak-frozen",
    "name": "Frozen Steak Cut Beer Batter Chips",
    "brand": "McCain",
    "imageUrls": [
      "https://shop.coles.com.au/wcsstore/Coles-CAS/images/5/0/7/5070637.jpg"
    ],
    "storeId": "coles",
    "packageSize": "750g",
    "cupPrice": "$0.27 per 100G",
    "locations": {
      "VIC": { "price": 2, "discountRate": 50, "promo": "", "orgPrice": 4 },
      "SA": { "price": 2, "discountRate": 50, "promo": "", "orgPrice": 4 },
      "QLD": { "price": 2, "discountRate": 50, "promo": "", "orgPrice": 4 },
      "NSW": { "price": 2, "discountRate": 50, "promo": "", "orgPrice": 4 },
      "WA": { "price": 2, "discountRate": 50, "promo": "", "orgPrice": 4 },
      "TAS": { "price": 2, "discountRate": 50, "promo": "", "orgPrice": 4 },
      "ACT": { "price": 2, "discountRate": 50, "promo": "", "orgPrice": 4 },
      "NT": { "price": 2.15, "discountRate": 50, "promo": "", "orgPrice": 4.3 }
    },
    "categoryIds": ["c-entertaining-at-home", "c-frozen"],
    "similarProducts": []
  },
  {
    "id": "the-natural-confectionery-co-snakes",
    "name": "Snakes",
    "brand": "The Natural Confectionary Co.",
    "imageUrls": [
      "https://shop.coles.com.au/wcsstore/Coles-CAS/images/2/3/5/2351298.jpg"
    ],
    "storeId": "coles",
    "packageSize": "260g",
    "cupPrice": "$0.77 per 100G",
    "locations": {
      "VIC": { "price": 2, "discountRate": 50, "promo": "", "orgPrice": 4 },
      "SA": { "price": 2, "discountRate": 50, "promo": "", "orgPrice": 4 },
      "QLD": { "price": 2, "discountRate": 50, "promo": "", "orgPrice": 4 },
      "NSW": { "price": 2, "discountRate": 50, "promo": "", "orgPrice": 4 },
      "WA": { "price": 2, "discountRate": 50, "promo": "", "orgPrice": 4 },
      "TAS": { "price": 2, "discountRate": 50, "promo": "", "orgPrice": 4 },
      "ACT": { "price": 2, "discountRate": 50, "promo": "", "orgPrice": 4 },
      "NT": { "price": 2.1, "discountRate": 50, "promo": "", "orgPrice": 4.2 }
    },
    "categoryIds": ["c-entertaining-at-home", "c-pantry"],
    "similarProducts": []
  },
  {
    "id": "the-natural-confectionary-co-party-mix-2351265p",
    "name": "Party Mix",
    "brand": "The Natural Confectionary Co.",
    "imageUrls": [
      "https://shop.coles.com.au/wcsstore/Coles-CAS/images/2/3/5/2351265.jpg"
    ],
    "storeId": "coles",
    "packageSize": "240g",
    "cupPrice": "$0.83 per 100G",
    "locations": {
      "VIC": { "price": 2, "discountRate": 50, "promo": "", "orgPrice": 4 },
      "SA": { "price": 2, "discountRate": 50, "promo": "", "orgPrice": 4 },
      "QLD": { "price": 2, "discountRate": 50, "promo": "", "orgPrice": 4 },
      "NSW": { "price": 2, "discountRate": 50, "promo": "", "orgPrice": 4 },
      "WA": { "price": 2, "discountRate": 50, "promo": "", "orgPrice": 4 },
      "TAS": { "price": 2, "discountRate": 50, "promo": "", "orgPrice": 4 },
      "ACT": { "price": 2, "discountRate": 50, "promo": "", "orgPrice": 4 },
      "NT": { "price": 2.1, "discountRate": 50, "promo": "", "orgPrice": 4.2 }
    },
    "categoryIds": ["c-entertaining-at-home", "c-pantry"],
    "similarProducts": []
  },
  {
    "id": "cadbury-roses-boxed-chocolates",
    "name": "Roses Chocolate Gift Box",
    "brand": "Cadbury",
    "imageUrls": [
      "https://shop.coles.com.au/wcsstore/Coles-CAS/images/9/1/8/9185801.jpg"
    ],
    "storeId": "coles",
    "packageSize": "450g",
    "cupPrice": "$1.72 per 100G",
    "categoryIds": ["c-entertaining-at-home", "c-pantry"],
    "similarProducts": [],
    "locations": {
      "ALL": {
        "price": 7.75,
        "discountRate": 50,
        "promo": "",
        "orgPrice": 15.5
      }
    }
  },
  {
    "id": "belvita-biscuits-breakfast-milk-cereals-6-pack",
    "name": "Milk and Cereals Breakfast Biscuits 6 Pack",
    "brand": "Belvita",
    "imageUrls": [
      "https://shop.coles.com.au/wcsstore/Coles-CAS/images/9/1/0/9109880.jpg"
    ],
    "storeId": "coles",
    "packageSize": "300g",
    "cupPrice": "$0.67 per 100G",
    "locations": {
      "VIC": { "price": 2, "discountRate": 50, "promo": "", "orgPrice": 4 },
      "SA": { "price": 2, "discountRate": 50, "promo": "", "orgPrice": 4 },
      "QLD": { "price": 2, "discountRate": 50, "promo": "", "orgPrice": 4 },
      "NSW": { "price": 2, "discountRate": 50, "promo": "", "orgPrice": 4 },
      "WA": { "price": 2, "discountRate": 50, "promo": "", "orgPrice": 4 },
      "TAS": { "price": 2, "discountRate": 50, "promo": "", "orgPrice": 4 },
      "ACT": { "price": 2, "discountRate": 50, "promo": "", "orgPrice": 4 },
      "NT": { "price": 2.1, "discountRate": 48, "promo": "", "orgPrice": 4 }
    },
    "categoryIds": ["c-entertaining-at-home", "c-pantry"],
    "similarProducts": []
  },
  {
    "id": "steggles-chicken-breast-crumbed-tenders",
    "name": "Frozen Crumbed Chicken Breast Tenders",
    "brand": "Steggles",
    "imageUrls": [
      "https://shop.coles.com.au/wcsstore/Coles-CAS/images/8/4/3/8434627.jpg"
    ],
    "storeId": "coles",
    "packageSize": "400g",
    "cupPrice": "$11.25 per 1Kg",
    "locations": {
      "VIC": { "price": 4.5, "discountRate": 50, "promo": "", "orgPrice": 9 },
      "SA": { "price": 4.5, "discountRate": 50, "promo": "", "orgPrice": 9 },
      "QLD": { "price": 4.5, "discountRate": 50, "promo": "", "orgPrice": 9 },
      "NSW": { "price": 4.5, "discountRate": 50, "promo": "", "orgPrice": 9 },
      "WA": { "price": 4.5, "discountRate": 50, "promo": "", "orgPrice": 9 },
      "TAS": { "price": 4.5, "discountRate": 50, "promo": "", "orgPrice": 9 },
      "ACT": { "price": 4.5, "discountRate": 50, "promo": "", "orgPrice": 9 },
      "NT": { "price": 4.86, "discountRate": 50, "promo": "", "orgPrice": 9.72 }
    },
    "categoryIds": ["c-entertaining-at-home", "c-frozen"],
    "similarProducts": []
  },
  {
    "id": "doritos-late-night-corn-chips-taco",
    "name": "Buffalo Wings",
    "brand": "Doritos",
    "imageUrls": [
      "https://shop.coles.com.au/wcsstore/Coles-CAS/images/2/8/7/2872519.jpg"
    ],
    "storeId": "coles",
    "packageSize": "150g",
    "cupPrice": "$1.17 per 100G",
    "locations": {
      "VIC": {
        "price": 1.75,
        "discountRate": 50,
        "promo": "",
        "orgPrice": 3.5
      },
      "SA": { "price": 1.75, "discountRate": 50, "promo": "", "orgPrice": 3.5 },
      "QLD": {
        "price": 1.75,
        "discountRate": 50,
        "promo": "",
        "orgPrice": 3.5
      },
      "NSW": {
        "price": 1.75,
        "discountRate": 50,
        "promo": "",
        "orgPrice": 3.5
      },
      "TAS": {
        "price": 1.75,
        "discountRate": 50,
        "promo": "",
        "orgPrice": 3.5
      },
      "ACT": {
        "price": 1.75,
        "discountRate": 50,
        "promo": "",
        "orgPrice": 3.5
      },
      "NT": {
        "price": 1.75,
        "discountRate": 52,
        "promo": "",
        "orgPrice": 3.6799999999999997
      }
    },
    "categoryIds": ["c-entertaining-at-home", "c-pantry"],
    "similarProducts": []
  },
  {
    "id": "kettle-potato-chips-sea-salt-vinegar",
    "name": "Sea Salt & Vinegar Potato Chips",
    "brand": "Kettle",
    "imageUrls": [
      "https://shop.coles.com.au/wcsstore/Coles-CAS/images/8/1/5/8156557.jpg"
    ],
    "storeId": "coles",
    "packageSize": "175g",
    "cupPrice": "$1.33 per 100G",
    "locations": {
      "VIC": {
        "price": 2.32,
        "discountRate": 50,
        "promo": "",
        "orgPrice": 4.65
      },
      "SA": {
        "price": 2.32,
        "discountRate": 50,
        "promo": "",
        "orgPrice": 4.65
      },
      "QLD": {
        "price": 2.32,
        "discountRate": 50,
        "promo": "",
        "orgPrice": 4.65
      },
      "NSW": {
        "price": 2.32,
        "discountRate": 50,
        "promo": "",
        "orgPrice": 4.65
      },
      "WA": {
        "price": 2.32,
        "discountRate": 50,
        "promo": "",
        "orgPrice": 4.65
      },
      "TAS": {
        "price": 2.32,
        "discountRate": 50,
        "promo": "",
        "orgPrice": 4.65
      },
      "ACT": {
        "price": 2.32,
        "discountRate": 50,
        "promo": "",
        "orgPrice": 4.65
      },
      "NT": { "price": 2.44, "discountRate": 50, "promo": "", "orgPrice": 4.88 }
    },
    "categoryIds": ["c-entertaining-at-home", "c-pantry"],
    "similarProducts": []
  },
  {
    "id": "kettle-natural-potato-chips-chilli",
    "name": "Chilli Potato Chips",
    "brand": "Kettle",
    "imageUrls": [
      "https://shop.coles.com.au/wcsstore/Coles-CAS/images/9/1/3/9139724.jpg"
    ],
    "storeId": "coles",
    "packageSize": "175g",
    "cupPrice": "$1.33 per 100G",
    "locations": {
      "VIC": {
        "price": 2.32,
        "discountRate": 50,
        "promo": "",
        "orgPrice": 4.65
      },
      "SA": {
        "price": 2.32,
        "discountRate": 50,
        "promo": "",
        "orgPrice": 4.65
      },
      "QLD": {
        "price": 2.32,
        "discountRate": 50,
        "promo": "",
        "orgPrice": 4.65
      },
      "NSW": {
        "price": 2.32,
        "discountRate": 50,
        "promo": "",
        "orgPrice": 4.65
      },
      "WA": {
        "price": 2.32,
        "discountRate": 50,
        "promo": "",
        "orgPrice": 4.65
      },
      "TAS": {
        "price": 2.32,
        "discountRate": 50,
        "promo": "",
        "orgPrice": 4.65
      },
      "ACT": {
        "price": 2.32,
        "discountRate": 50,
        "promo": "",
        "orgPrice": 4.65
      },
      "NT": { "price": 2.44, "discountRate": 46, "promo": "", "orgPrice": 4.5 }
    },
    "categoryIds": ["c-entertaining-at-home", "c-pantry"],
    "similarProducts": []
  },
  {
    "id": "mccain-potato-fries-beer-battered-thin-crispy-frozen",
    "name": "Frozen Shoestring Beer Batter Chips",
    "brand": "McCain",
    "imageUrls": [
      "https://shop.coles.com.au/wcsstore/Coles-CAS/images/5/8/4/5841023.jpg"
    ],
    "storeId": "coles",
    "packageSize": "750g",
    "cupPrice": "$0.27 per 100G",
    "locations": {
      "VIC": { "price": 2, "discountRate": 50, "promo": "", "orgPrice": 4 },
      "SA": { "price": 2, "discountRate": 50, "promo": "", "orgPrice": 4 },
      "QLD": { "price": 2, "discountRate": 50, "promo": "", "orgPrice": 4 },
      "NSW": { "price": 2, "discountRate": 50, "promo": "", "orgPrice": 4 },
      "WA": { "price": 2, "discountRate": 50, "promo": "", "orgPrice": 4 },
      "TAS": { "price": 2, "discountRate": 50, "promo": "", "orgPrice": 4 },
      "ACT": { "price": 2, "discountRate": 50, "promo": "", "orgPrice": 4 },
      "NT": { "price": 2.15, "discountRate": 50, "promo": "", "orgPrice": 4.3 }
    },
    "categoryIds": ["c-entertaining-at-home", "c-frozen"],
    "similarProducts": []
  },
  {
    "id": "the-natural-confectionary-co-dinosaurs-2351276p",
    "name": "Dinosaurs",
    "brand": "The Natural Confectionary Co.",
    "imageUrls": [
      "https://shop.coles.com.au/wcsstore/Coles-CAS/images/2/3/5/2351276.jpg"
    ],
    "storeId": "coles",
    "packageSize": "260g",
    "cupPrice": "$0.77 per 100G",
    "locations": {
      "VIC": { "price": 2, "discountRate": 50, "promo": "", "orgPrice": 4 },
      "SA": { "price": 2, "discountRate": 50, "promo": "", "orgPrice": 4 },
      "QLD": { "price": 2, "discountRate": 50, "promo": "", "orgPrice": 4 },
      "NSW": { "price": 2, "discountRate": 50, "promo": "", "orgPrice": 4 },
      "WA": { "price": 2, "discountRate": 50, "promo": "", "orgPrice": 4 },
      "TAS": { "price": 2, "discountRate": 50, "promo": "", "orgPrice": 4 },
      "ACT": { "price": 2, "discountRate": 50, "promo": "", "orgPrice": 4 },
      "NT": { "price": 2.1, "discountRate": 50, "promo": "", "orgPrice": 4.2 }
    },
    "categoryIds": ["c-entertaining-at-home", "c-pantry"],
    "similarProducts": []
  },
  {
    "id": "schweppes-pepsi-max-375ml-cans",
    "name": "Max Multipack Cans 375mL",
    "brand": "Pepsi",
    "imageUrls": [
      "https://shop.coles.com.au/wcsstore/Coles-CAS/images/2/6/8/2684166.jpg"
    ],
    "storeId": "coles",
    "packageSize": "10 pack",
    "cupPrice": "$1.47 per 1L",
    "locations": {
      "VIC": {
        "price": 5.52,
        "discountRate": 50,
        "promo": "",
        "orgPrice": 11.05
      },
      "SA": { "price": 7, "discountRate": 43, "promo": "", "orgPrice": 12.3 },
      "QLD": { "price": 7, "discountRate": 44, "promo": "", "orgPrice": 12.45 },
      "NSW": { "price": 7, "discountRate": 44, "promo": "", "orgPrice": 12.4 },
      "WA": {
        "price": 5.52,
        "discountRate": 50,
        "promo": "",
        "orgPrice": 11.05
      },
      "TAS": {
        "price": 5.52,
        "discountRate": 50,
        "promo": "",
        "orgPrice": 11.05
      },
      "ACT": { "price": 7, "discountRate": 44, "promo": "", "orgPrice": 12.4 },
      "NT": { "price": 7, "discountRate": 46, "promo": "", "orgPrice": 12.92 }
    },
    "categoryIds": ["c-entertaining-at-home", "c-drinks"],
    "similarProducts": []
  },
  {
    "id": "kettle-honey-soy-chicken-potato-chips",
    "name": "Honey Soy Chicken Potato Chips",
    "brand": "Kettle",
    "imageUrls": [
      "https://shop.coles.com.au/wcsstore/Coles-CAS/images/1/7/9/1795310.jpg"
    ],
    "storeId": "coles",
    "packageSize": "175g",
    "cupPrice": "$1.33 per 100G",
    "locations": {
      "VIC": {
        "price": 2.32,
        "discountRate": 50,
        "promo": "",
        "orgPrice": 4.65
      },
      "SA": {
        "price": 2.32,
        "discountRate": 50,
        "promo": "",
        "orgPrice": 4.65
      },
      "QLD": {
        "price": 2.32,
        "discountRate": 50,
        "promo": "",
        "orgPrice": 4.65
      },
      "NSW": {
        "price": 2.32,
        "discountRate": 50,
        "promo": "",
        "orgPrice": 4.65
      },
      "WA": {
        "price": 2.32,
        "discountRate": 50,
        "promo": "",
        "orgPrice": 4.65
      },
      "TAS": {
        "price": 2.32,
        "discountRate": 50,
        "promo": "",
        "orgPrice": 4.65
      },
      "ACT": {
        "price": 2.32,
        "discountRate": 50,
        "promo": "",
        "orgPrice": 4.65
      },
      "NT": { "price": 2.44, "discountRate": 50, "promo": "", "orgPrice": 4.88 }
    },
    "categoryIds": ["c-entertaining-at-home", "c-pantry"],
    "similarProducts": []
  },
  {
    "id": "kettle-sweet-chilli-sour-cream-potato-chips",
    "name": "Sweet Chilli & Sour Cream Potato Chips",
    "brand": "Kettle",
    "imageUrls": [
      "https://shop.coles.com.au/wcsstore/Coles-CAS/images/2/6/7/2670081.jpg"
    ],
    "storeId": "coles",
    "packageSize": "175g",
    "cupPrice": "$1.33 per 100G",
    "locations": {
      "VIC": {
        "price": 2.32,
        "discountRate": 50,
        "promo": "",
        "orgPrice": 4.65
      },
      "SA": {
        "price": 2.32,
        "discountRate": 50,
        "promo": "",
        "orgPrice": 4.65
      },
      "QLD": {
        "price": 2.32,
        "discountRate": 50,
        "promo": "",
        "orgPrice": 4.65
      },
      "NSW": {
        "price": 2.32,
        "discountRate": 50,
        "promo": "",
        "orgPrice": 4.65
      },
      "TAS": {
        "price": 2.32,
        "discountRate": 50,
        "promo": "",
        "orgPrice": 4.65
      },
      "ACT": {
        "price": 2.32,
        "discountRate": 50,
        "promo": "",
        "orgPrice": 4.65
      },
      "NT": { "price": 2.44, "discountRate": 50, "promo": "", "orgPrice": 4.88 }
    },
    "categoryIds": ["c-entertaining-at-home", "c-pantry"],
    "similarProducts": []
  },
  {
    "id": "mccain-potato-fries-crunchy-beer-batter-thick-chunky-frozen",
    "name": "Frozen Chunky Beer Batter Chips",
    "brand": "McCain",
    "imageUrls": [
      "https://shop.coles.com.au/wcsstore/Coles-CAS/images/5/0/7/5070648.jpg"
    ],
    "storeId": "coles",
    "packageSize": "750g",
    "cupPrice": "$0.27 per 100G",
    "locations": {
      "VIC": { "price": 2, "discountRate": 50, "promo": "", "orgPrice": 4 }
    },
    "categoryIds": ["c-entertaining-at-home", "c-frozen"],
    "similarProducts": []
  },
  {
    "id": "kettle-natural-potato-chips",
    "name": "Roasted Garlic & Parmesan Potato Chips",
    "brand": "Kettle",
    "imageUrls": [
      "https://shop.coles.com.au/wcsstore/Coles-CAS/images/3/0/8/3082012.jpg"
    ],
    "storeId": "coles",
    "packageSize": "175g",
    "cupPrice": "$1.33 per 100G",
    "locations": {
      "VIC": {
        "price": 2.32,
        "discountRate": 50,
        "promo": "",
        "orgPrice": 4.65
      },
      "SA": {
        "price": 2.32,
        "discountRate": 50,
        "promo": "",
        "orgPrice": 4.65
      },
      "QLD": {
        "price": 2.32,
        "discountRate": 50,
        "promo": "",
        "orgPrice": 4.65
      },
      "NSW": {
        "price": 2.32,
        "discountRate": 50,
        "promo": "",
        "orgPrice": 4.65
      },
      "TAS": {
        "price": 2.32,
        "discountRate": 50,
        "promo": "",
        "orgPrice": 4.65
      },
      "ACT": {
        "price": 2.32,
        "discountRate": 50,
        "promo": "",
        "orgPrice": 4.65
      },
      "NT": { "price": 2.44, "discountRate": 50, "promo": "", "orgPrice": 4.88 }
    },
    "categoryIds": ["c-entertaining-at-home", "c-pantry"],
    "similarProducts": []
  },
  {
    "id": "sprite-soft-drink-lemonade-375ml-cans-7365904p",
    "name": "Lemon-Lime Flavour Multipack Cans 375mL",
    "brand": "Sprite",
    "imageUrls": [
      "https://shop.coles.com.au/wcsstore/Coles-CAS/images/7/3/6/7365904.jpg"
    ],
    "storeId": "coles",
    "packageSize": "24 Pack",
    "cupPrice": "$1.56 per 1L",
    "locations": {
      "VIC": { "price": 14, "discountRate": 50, "promo": "", "orgPrice": 28.2 },
      "SA": {
        "price": 17.6,
        "discountRate": 44,
        "promo": "",
        "orgPrice": 31.3
      },
      "QLD": {
        "price": 17.15,
        "discountRate": 43,
        "promo": "",
        "orgPrice": 30.25
      },
      "NSW": {
        "price": 17.4,
        "discountRate": 46,
        "promo": "",
        "orgPrice": 32.349999999999994
      },
      "WA": { "price": 14, "discountRate": 50, "promo": "", "orgPrice": 28.2 },
      "TAS": {
        "price": 15.2,
        "discountRate": 46,
        "promo": "",
        "orgPrice": 28.2
      },
      "ACT": {
        "price": 17.4,
        "discountRate": 46,
        "promo": "",
        "orgPrice": 32.349999999999994
      },
      "NT": {
        "price": 17.6,
        "discountRate": 46,
        "promo": "",
        "orgPrice": 32.870000000000005
      }
    },
    "categoryIds": ["c-entertaining-at-home", "c-drinks"],
    "similarProducts": []
  },
  {
    "id": "mccain-potato-wedges-beer-batter-frozen",
    "name": "Frozen Crispy & Golden Beer Batter Wedges",
    "brand": "McCain",
    "imageUrls": [
      "https://shop.coles.com.au/wcsstore/Coles-CAS/images/5/0/6/5069387.jpg"
    ],
    "storeId": "coles",
    "packageSize": "750g",
    "cupPrice": "$0.27 per 100G",
    "locations": {
      "VIC": { "price": 2, "discountRate": 50, "promo": "", "orgPrice": 4 },
      "SA": { "price": 2, "discountRate": 50, "promo": "", "orgPrice": 4 },
      "QLD": { "price": 2, "discountRate": 50, "promo": "", "orgPrice": 4 },
      "NSW": { "price": 2, "discountRate": 50, "promo": "", "orgPrice": 4 },
      "WA": { "price": 2, "discountRate": 50, "promo": "", "orgPrice": 4 },
      "TAS": { "price": 2, "discountRate": 50, "promo": "", "orgPrice": 4 },
      "ACT": { "price": 2, "discountRate": 50, "promo": "", "orgPrice": 4 },
      "NT": { "price": 2.15, "discountRate": 50, "promo": "", "orgPrice": 4.3 }
    },
    "categoryIds": ["c-entertaining-at-home", "c-frozen"],
    "similarProducts": []
  },
  {
    "id": "schweppes-pepsi-375ml-cans",
    "name": "Multipack Cans 375mL",
    "brand": "Pepsi",
    "imageUrls": [
      "https://shop.coles.com.au/wcsstore/Coles-CAS/images/2/6/8/2684213.jpg"
    ],
    "storeId": "coles",
    "packageSize": "10 pack",
    "cupPrice": "$1.47 per 1L",
    "locations": {
      "VIC": {
        "price": 5.52,
        "discountRate": 50,
        "promo": "",
        "orgPrice": 11.05
      },
      "SA": { "price": 7, "discountRate": 43, "promo": "", "orgPrice": 12.3 },
      "QLD": { "price": 7, "discountRate": 44, "promo": "", "orgPrice": 12.45 },
      "NSW": { "price": 7, "discountRate": 44, "promo": "", "orgPrice": 12.4 },
      "WA": {
        "price": 5.52,
        "discountRate": 50,
        "promo": "",
        "orgPrice": 11.05
      },
      "TAS": {
        "price": 5.52,
        "discountRate": 50,
        "promo": "",
        "orgPrice": 11.05
      },
      "ACT": { "price": 7, "discountRate": 44, "promo": "", "orgPrice": 12.4 },
      "NT": { "price": 7, "discountRate": 46, "promo": "", "orgPrice": 12.92 }
    },
    "categoryIds": ["c-entertaining-at-home", "c-drinks"],
    "similarProducts": []
  },
  {
    "id": "pringles-salt-vinegar-potato-chips",
    "name": "Salt & Vinegar Flavour Stacked Potato Chips",
    "brand": "Pringles",
    "imageUrls": [
      "https://shop.coles.com.au/wcsstore/Coles-CAS/images/2/7/8/2784069.jpg"
    ],
    "storeId": "coles",
    "packageSize": "134g",
    "cupPrice": "$2.99 per 100G",
    "locations": {
      "VIC": {
        "price": 4,
        "discountRate": 50,
        "promo": "Any 3 $6",
        "orgPrice": 4
      },
      "SA": {
        "price": 4,
        "discountRate": 50,
        "promo": "Any 3 $6",
        "orgPrice": 4
      },
      "QLD": {
        "price": 4,
        "discountRate": 50,
        "promo": "Any 3 $6",
        "orgPrice": 4
      },
      "NSW": {
        "price": 4,
        "discountRate": 50,
        "promo": "Any 3 $6",
        "orgPrice": 4
      },
      "TAS": {
        "price": 4,
        "discountRate": 50,
        "promo": "Any 3 $6",
        "orgPrice": 4
      },
      "ACT": {
        "price": 4,
        "discountRate": 50,
        "promo": "Any 3 $6",
        "orgPrice": 4
      },
      "NT": {
        "price": 4.2,
        "discountRate": 52,
        "promo": "Any 3 $6",
        "orgPrice": 4.2
      }
    },
    "categoryIds": ["c-entertaining-at-home", "c-pantry"],
    "similarProducts": []
  },
  {
    "id": "pringles-original-potato-chips",
    "name": "Original Salted Stacked Potato Chips",
    "brand": "Pringles",
    "imageUrls": [
      "https://shop.coles.com.au/wcsstore/Coles-CAS/images/2/7/8/2784047.jpg"
    ],
    "storeId": "coles",
    "packageSize": "134g",
    "cupPrice": "$2.99 per 100G",
    "locations": {
      "VIC": {
        "price": 4,
        "discountRate": 50,
        "promo": "Any 3 $6",
        "orgPrice": 4
      },
      "SA": {
        "price": 4,
        "discountRate": 50,
        "promo": "Any 3 $6",
        "orgPrice": 4
      },
      "QLD": {
        "price": 4,
        "discountRate": 50,
        "promo": "Any 3 $6",
        "orgPrice": 4
      },
      "NSW": {
        "price": 4,
        "discountRate": 50,
        "promo": "Any 3 $6",
        "orgPrice": 4
      },
      "WA": {
        "price": 4,
        "discountRate": 50,
        "promo": "Any 3 $6",
        "orgPrice": 4
      },
      "TAS": {
        "price": 4,
        "discountRate": 50,
        "promo": "Any 3 $6",
        "orgPrice": 4
      },
      "ACT": {
        "price": 4,
        "discountRate": 50,
        "promo": "Any 3 $6",
        "orgPrice": 4
      },
      "NT": {
        "price": 4.2,
        "discountRate": 52,
        "promo": "Any 3 $6",
        "orgPrice": 4.2
      }
    },
    "categoryIds": ["c-entertaining-at-home", "c-pantry"],
    "similarProducts": []
  },
  {
    "id": "steggles-chicken-tenders-sweet-chilli",
    "name": "Frozen Sweet Chilli Chicken Breast Tenders",
    "brand": "Steggles",
    "imageUrls": [
      "https://shop.coles.com.au/wcsstore/Coles-CAS/images/2/7/1/2719952.jpg"
    ],
    "storeId": "coles",
    "packageSize": "400g",
    "cupPrice": "$11.25 per 1Kg",
    "locations": {
      "VIC": { "price": 4.5, "discountRate": 50, "promo": "", "orgPrice": 9 },
      "SA": { "price": 4.5, "discountRate": 50, "promo": "", "orgPrice": 9 },
      "QLD": { "price": 4.5, "discountRate": 50, "promo": "", "orgPrice": 9 },
      "NSW": { "price": 4.5, "discountRate": 50, "promo": "", "orgPrice": 9 },
      "WA": { "price": 4.5, "discountRate": 50, "promo": "", "orgPrice": 9 },
      "TAS": { "price": 4.5, "discountRate": 50, "promo": "", "orgPrice": 9 },
      "ACT": { "price": 4.5, "discountRate": 50, "promo": "", "orgPrice": 9 },
      "NT": { "price": 4.86, "discountRate": 50, "promo": "", "orgPrice": 9.72 }
    },
    "categoryIds": ["c-entertaining-at-home", "c-frozen"],
    "similarProducts": []
  },
  {
    "id": "the-natural-confectionary-co-fruit-salad-2351232p",
    "name": "Soft Jellies Fruit Salad Lollies",
    "brand": "The Natural Confectionary Co.",
    "imageUrls": [
      "https://shop.coles.com.au/wcsstore/Coles-CAS/images/2/3/5/2351232.jpg"
    ],
    "storeId": "coles",
    "packageSize": "240g",
    "cupPrice": "$0.83 per 100G",
    "locations": {
      "VIC": { "price": 2, "discountRate": 50, "promo": "", "orgPrice": 4 },
      "SA": { "price": 2, "discountRate": 50, "promo": "", "orgPrice": 4 },
      "QLD": { "price": 2, "discountRate": 50, "promo": "", "orgPrice": 4 },
      "NSW": { "price": 2, "discountRate": 50, "promo": "", "orgPrice": 4 },
      "WA": { "price": 2, "discountRate": 50, "promo": "", "orgPrice": 4 },
      "TAS": { "price": 2, "discountRate": 50, "promo": "", "orgPrice": 4 },
      "ACT": { "price": 2, "discountRate": 50, "promo": "", "orgPrice": 4 },
      "NT": { "price": 2.1, "discountRate": 50, "promo": "", "orgPrice": 4.2 }
    },
    "categoryIds": ["c-entertaining-at-home", "c-pantry"],
    "similarProducts": []
  },
  {
    "id": "the-natural-confec-co-reduced-sugar-snakes",
    "name": "25% Less Sugar Snakes",
    "brand": "The Natural Confectionary Co.",
    "imageUrls": [
      "https://shop.coles.com.au/wcsstore/Coles-CAS/images/3/3/1/3311448.jpg"
    ],
    "storeId": "coles",
    "packageSize": "260g",
    "cupPrice": "$0.77 per 100G",
    "locations": {
      "VIC": { "price": 2, "discountRate": 50, "promo": "", "orgPrice": 4 },
      "SA": { "price": 2, "discountRate": 50, "promo": "", "orgPrice": 4 },
      "QLD": { "price": 2, "discountRate": 50, "promo": "", "orgPrice": 4 },
      "NSW": { "price": 2, "discountRate": 50, "promo": "", "orgPrice": 4 },
      "WA": { "price": 2, "discountRate": 50, "promo": "", "orgPrice": 4 },
      "TAS": { "price": 2, "discountRate": 50, "promo": "", "orgPrice": 4 },
      "ACT": { "price": 2, "discountRate": 50, "promo": "", "orgPrice": 4 },
      "NT": { "price": 2.1, "discountRate": 50, "promo": "", "orgPrice": 4.2 }
    },
    "categoryIds": ["c-entertaining-at-home", "c-pantry"],
    "similarProducts": []
  },
  {
    "id": "fanta-soft-drink-orange-375ml-cans",
    "name": "Orange Multipack Cans 375mL",
    "brand": "Fanta",
    "imageUrls": [
      "https://shop.coles.com.au/wcsstore/Coles-CAS/images/5/3/2/5325873.jpg"
    ],
    "storeId": "coles",
    "packageSize": "24 Pack",
    "cupPrice": "$1.56 per 1L",
    "locations": {
      "VIC": { "price": 14, "discountRate": 50, "promo": "", "orgPrice": 28.2 },
      "SA": {
        "price": 17.6,
        "discountRate": 44,
        "promo": "",
        "orgPrice": 31.3
      },
      "QLD": {
        "price": 17.15,
        "discountRate": 46,
        "promo": "",
        "orgPrice": 32
      },
      "NSW": {
        "price": 17.4,
        "discountRate": 46,
        "promo": "",
        "orgPrice": 32.349999999999994
      },
      "WA": { "price": 14, "discountRate": 50, "promo": "", "orgPrice": 28.2 },
      "TAS": {
        "price": 15.2,
        "discountRate": 46,
        "promo": "",
        "orgPrice": 28.2
      },
      "ACT": {
        "price": 17.4,
        "discountRate": 46,
        "promo": "",
        "orgPrice": 32.349999999999994
      },
      "NT": {
        "price": 17.6,
        "discountRate": 46,
        "promo": "",
        "orgPrice": 32.870000000000005
      }
    },
    "categoryIds": ["c-entertaining-at-home", "c-drinks"],
    "similarProducts": []
  },
  {
    "id": "the-natural-confec-co-reduced-sugar-fruitbasket",
    "name": "25% Less Sugar Fruit Basket",
    "brand": "The Natural Confectionary Co.",
    "imageUrls": [
      "https://shop.coles.com.au/wcsstore/Coles-CAS/images/3/3/1/3311426.jpg"
    ],
    "storeId": "coles",
    "packageSize": "220g",
    "cupPrice": "$0.91 per 100G",
    "locations": {
      "VIC": { "price": 2, "discountRate": 50, "promo": "", "orgPrice": 4 },
      "SA": { "price": 2, "discountRate": 50, "promo": "", "orgPrice": 4 },
      "QLD": { "price": 2, "discountRate": 50, "promo": "", "orgPrice": 4 },
      "NSW": { "price": 2, "discountRate": 50, "promo": "", "orgPrice": 4 },
      "WA": { "price": 2, "discountRate": 50, "promo": "", "orgPrice": 4 },
      "TAS": { "price": 2, "discountRate": 50, "promo": "", "orgPrice": 4 },
      "ACT": { "price": 2, "discountRate": 50, "promo": "", "orgPrice": 4 },
      "NT": { "price": 2.1, "discountRate": 50, "promo": "", "orgPrice": 4.2 }
    },
    "categoryIds": ["c-entertaining-at-home", "c-pantry"],
    "similarProducts": []
  },
  {
    "id": "mountain-dew-375ml-cans",
    "name": "Multipack Cans 375mL",
    "brand": "Mountain Dew",
    "imageUrls": [
      "https://shop.coles.com.au/wcsstore/Coles-CAS/images/2/6/8/2684188.jpg"
    ],
    "storeId": "coles",
    "packageSize": "10 pack",
    "cupPrice": "$1.47 per 1L",
    "locations": {
      "VIC": {
        "price": 5.52,
        "discountRate": 50,
        "promo": "",
        "orgPrice": 11.05
      },
      "SA": { "price": 7, "discountRate": 43, "promo": "", "orgPrice": 12.3 },
      "QLD": { "price": 7, "discountRate": 44, "promo": "", "orgPrice": 12.45 },
      "NSW": { "price": 7, "discountRate": 44, "promo": "", "orgPrice": 12.4 },
      "WA": {
        "price": 5.52,
        "discountRate": 50,
        "promo": "",
        "orgPrice": 11.05
      },
      "TAS": {
        "price": 5.52,
        "discountRate": 50,
        "promo": "",
        "orgPrice": 11.05
      },
      "ACT": { "price": 7, "discountRate": 44, "promo": "", "orgPrice": 12.4 },
      "NT": { "price": 7, "discountRate": 46, "promo": "", "orgPrice": 12.92 }
    },
    "categoryIds": ["c-entertaining-at-home", "c-drinks"],
    "similarProducts": []
  },
  {
    "id": "pepsi-soft-drink-10x375ml-pepsi-max-vanilla",
    "name": "Max Vanilla Multipack Cans 375mL",
    "brand": "Pepsi",
    "imageUrls": [
      "https://shop.coles.com.au/wcsstore/Coles-CAS/images/2/8/8/2887480.jpg"
    ],
    "storeId": "coles",
    "packageSize": "10 pack",
    "cupPrice": "$1.47 per 1L",
    "locations": {
      "VIC": {
        "price": 5.52,
        "discountRate": 50,
        "promo": "",
        "orgPrice": 11.05
      },
      "SA": { "price": 7, "discountRate": 43, "promo": "", "orgPrice": 12.3 },
      "QLD": { "price": 7, "discountRate": 44, "promo": "", "orgPrice": 12.45 },
      "NSW": { "price": 7, "discountRate": 44, "promo": "", "orgPrice": 12.4 },
      "WA": {
        "price": 5.52,
        "discountRate": 50,
        "promo": "",
        "orgPrice": 11.05
      },
      "TAS": {
        "price": 5.52,
        "discountRate": 50,
        "promo": "",
        "orgPrice": 11.05
      },
      "ACT": { "price": 7, "discountRate": 44, "promo": "", "orgPrice": 12.4 },
      "NT": { "price": 7, "discountRate": 46, "promo": "", "orgPrice": 12.92 }
    },
    "categoryIds": ["c-entertaining-at-home", "c-drinks"],
    "similarProducts": []
  },
  {
    "id": "pepsi-soft-drink-10x375ml-soft-drink-max-raspberry",
    "name": "Raspberry Flavour Max Multipack Cans 375mL",
    "brand": "Pepsi",
    "imageUrls": [
      "https://shop.coles.com.au/wcsstore/Coles-CAS/images/3/2/7/3270817.jpg"
    ],
    "storeId": "coles",
    "packageSize": "10 pack",
    "cupPrice": "$1.47 per 1L",
    "locations": {
      "VIC": {
        "price": 5.52,
        "discountRate": 50,
        "promo": "",
        "orgPrice": 11.05
      },
      "SA": { "price": 7, "discountRate": 43, "promo": "", "orgPrice": 12.3 },
      "QLD": { "price": 7, "discountRate": 44, "promo": "", "orgPrice": 12.45 },
      "NSW": { "price": 7, "discountRate": 44, "promo": "", "orgPrice": 12.4 },
      "WA": {
        "price": 5.52,
        "discountRate": 50,
        "promo": "",
        "orgPrice": 11.05
      },
      "ACT": { "price": 7, "discountRate": 44, "promo": "", "orgPrice": 12.4 },
      "NT": { "price": 7, "discountRate": 46, "promo": "", "orgPrice": 12.92 }
    },
    "categoryIds": ["c-entertaining-at-home", "c-drinks"],
    "similarProducts": []
  },
  {
    "id": "the-natural-confectionary-co-sour-squirms",
    "name": "Sour Squirms",
    "brand": "The Natural Confectionary Co.",
    "imageUrls": [
      "https://shop.coles.com.au/wcsstore/Coles-CAS/images/2/3/5/2351254.jpg"
    ],
    "storeId": "coles",
    "packageSize": "240g",
    "cupPrice": "$0.83 per 100G",
    "locations": {
      "VIC": { "price": 2, "discountRate": 50, "promo": "", "orgPrice": 4 },
      "SA": { "price": 2, "discountRate": 50, "promo": "", "orgPrice": 4 },
      "QLD": { "price": 2, "discountRate": 50, "promo": "", "orgPrice": 4 },
      "NSW": { "price": 2, "discountRate": 50, "promo": "", "orgPrice": 4 },
      "WA": { "price": 2, "discountRate": 50, "promo": "", "orgPrice": 4 },
      "TAS": { "price": 2, "discountRate": 50, "promo": "", "orgPrice": 4 },
      "ACT": { "price": 2, "discountRate": 50, "promo": "", "orgPrice": 4 },
      "NT": { "price": 2.1, "discountRate": 50, "promo": "", "orgPrice": 4.2 }
    },
    "categoryIds": ["c-entertaining-at-home", "c-pantry"],
    "similarProducts": []
  },
  {
    "id": "the-natural-confectionary-co-berry-bliss",
    "name": "Berry Bliss Lollies",
    "brand": "The Natural Confectionary Co.",
    "imageUrls": [
      "https://shop.coles.com.au/wcsstore/Coles-CAS/images/2/3/5/2351196.jpg"
    ],
    "storeId": "coles",
    "packageSize": "200g",
    "cupPrice": "$1.00 per 100G",
    "locations": {
      "VIC": { "price": 2, "discountRate": 50, "promo": "", "orgPrice": 4 },
      "SA": { "price": 2, "discountRate": 50, "promo": "", "orgPrice": 4 },
      "QLD": { "price": 2, "discountRate": 50, "promo": "", "orgPrice": 4 },
      "NSW": { "price": 2, "discountRate": 50, "promo": "", "orgPrice": 4 },
      "WA": { "price": 2, "discountRate": 50, "promo": "", "orgPrice": 4 },
      "TAS": { "price": 2, "discountRate": 50, "promo": "", "orgPrice": 4 },
      "ACT": { "price": 2, "discountRate": 50, "promo": "", "orgPrice": 4 },
      "NT": { "price": 2.1, "discountRate": 50, "promo": "", "orgPrice": 4.2 }
    },
    "categoryIds": ["c-entertaining-at-home", "c-pantry"],
    "similarProducts": []
  },
  {
    "id": "the-natural-confec-co-fruit-smoothies-orchard",
    "name": "Orchard Blast Fruit Smoothie Flavoured Jellies",
    "brand": "The Natural Confectionery Co.",
    "imageUrls": [
      "https://shop.coles.com.au/wcsstore/Coles-CAS/images/3/6/1/3615012.jpg"
    ],
    "storeId": "coles",
    "packageSize": "200g",
    "cupPrice": "$1.00 per 100G",
    "locations": {
      "VIC": { "price": 2, "discountRate": 50, "promo": "", "orgPrice": 4 },
      "SA": { "price": 2, "discountRate": 50, "promo": "", "orgPrice": 4 },
      "QLD": { "price": 2, "discountRate": 50, "promo": "", "orgPrice": 4 },
      "NSW": { "price": 2, "discountRate": 50, "promo": "", "orgPrice": 4 },
      "WA": { "price": 2, "discountRate": 50, "promo": "", "orgPrice": 4 },
      "TAS": { "price": 2, "discountRate": 50, "promo": "", "orgPrice": 4 },
      "ACT": { "price": 2, "discountRate": 50, "promo": "", "orgPrice": 4 },
      "NT": { "price": 2.1, "discountRate": 50, "promo": "", "orgPrice": 4.2 }
    },
    "categoryIds": ["c-entertaining-at-home", "c-pantry"],
    "similarProducts": []
  },
  {
    "id": "hong-kong-dim-sim-kitchen-pork-chive-dumpling",
    "name": "Frozen Pork & Chive Dumplings 10 Pieces",
    "brand": "Hong Kong Dim Sim Kitchen",
    "imageUrls": [
      "https://shop.coles.com.au/wcsstore/Coles-CAS/images/2/3/5/2356724.jpg"
    ],
    "storeId": "coles",
    "packageSize": "200g",
    "cupPrice": "$1.25 per 100G",
    "locations": {
      "VIC": { "price": 2.5, "discountRate": 50, "promo": "", "orgPrice": 5 },
      "SA": { "price": 2.5, "discountRate": 50, "promo": "", "orgPrice": 5 },
      "QLD": { "price": 2.5, "discountRate": 50, "promo": "", "orgPrice": 5 },
      "NSW": { "price": 2.5, "discountRate": 50, "promo": "", "orgPrice": 5 },
      "WA": { "price": 2.5, "discountRate": 50, "promo": "", "orgPrice": 5 },
      "TAS": { "price": 2.5, "discountRate": 50, "promo": "", "orgPrice": 5 },
      "ACT": { "price": 2.5, "discountRate": 50, "promo": "", "orgPrice": 5 },
      "NT": { "price": 2.7, "discountRate": 50, "promo": "", "orgPrice": 5.4 }
    },
    "categoryIds": ["c-entertaining-at-home", "c-frozen"],
    "similarProducts": []
  },
  {
    "id": "lindt-lindor-chocolate-balls-assorted-gift-box",
    "name": "Lindor Assorted Chocolate Balls Gift Box",
    "brand": "Lindt",
    "imageUrls": [
      "https://shop.coles.com.au/wcsstore/Coles-CAS/images/8/7/3/8731258.jpg"
    ],
    "storeId": "coles",
    "packageSize": "235g",
    "cupPrice": "$4.26 per 100G",
    "categoryIds": ["c-entertaining-at-home", "c-pantry"],
    "similarProducts": [],
    "locations": {
      "ALL": { "price": 10, "discountRate": 50, "promo": "", "orgPrice": 20 }
    }
  },
  {
    "id": "mr-kipling-lemon-snack-pack",
    "name": "Lemon Slices 6 Pack",
    "brand": "Mr Kipling",
    "imageUrls": [
      "https://shop.coles.com.au/wcsstore/Coles-CAS/images/1/6/4/1647164.jpg"
    ],
    "storeId": "coles",
    "packageSize": "165g",
    "cupPrice": "$1.21 per 100G",
    "categoryIds": ["c-entertaining-at-home", "c-bread-bakery"],
    "similarProducts": [],
    "locations": {
      "ALL": { "price": 2, "discountRate": 50, "promo": "", "orgPrice": 4 }
    }
  },
  {
    "id": "steggles-chicken-tenders-southern-style",
    "name": "Frozen Southern Style Chicken Breast Tenders",
    "brand": "Steggles",
    "imageUrls": [
      "https://shop.coles.com.au/wcsstore/Coles-CAS/images/2/7/1/2719963.jpg"
    ],
    "storeId": "coles",
    "packageSize": "400g",
    "cupPrice": "$11.25 per 1Kg",
    "locations": {
      "VIC": { "price": 4.5, "discountRate": 50, "promo": "", "orgPrice": 9 },
      "SA": { "price": 4.5, "discountRate": 50, "promo": "", "orgPrice": 9 },
      "QLD": { "price": 4.5, "discountRate": 50, "promo": "", "orgPrice": 9 },
      "NSW": { "price": 4.5, "discountRate": 50, "promo": "", "orgPrice": 9 },
      "WA": { "price": 4.5, "discountRate": 50, "promo": "", "orgPrice": 9 },
      "TAS": { "price": 4.5, "discountRate": 50, "promo": "", "orgPrice": 9 },
      "ACT": { "price": 4.5, "discountRate": 50, "promo": "", "orgPrice": 9 },
      "NT": { "price": 4.86, "discountRate": 50, "promo": "", "orgPrice": 9.72 }
    },
    "categoryIds": ["c-entertaining-at-home", "c-frozen"],
    "similarProducts": []
  },
  {
    "id": "steggles-honey-soy-tenders",
    "name": "Frozen Honey Soy Frozen Chicken Breast Tenders",
    "brand": "Steggles",
    "imageUrls": [
      "https://shop.coles.com.au/wcsstore/Coles-CAS/images/3/2/3/3230754.jpg"
    ],
    "storeId": "coles",
    "packageSize": "400g",
    "cupPrice": "$11.25 per 1Kg",
    "locations": {
      "VIC": { "price": 4.5, "discountRate": 50, "promo": "", "orgPrice": 9 },
      "SA": { "price": 4.5, "discountRate": 50, "promo": "", "orgPrice": 9 },
      "QLD": { "price": 4.5, "discountRate": 50, "promo": "", "orgPrice": 9 },
      "NSW": { "price": 4.5, "discountRate": 50, "promo": "", "orgPrice": 9 },
      "WA": { "price": 4.5, "discountRate": 50, "promo": "", "orgPrice": 9 },
      "TAS": { "price": 4.5, "discountRate": 50, "promo": "", "orgPrice": 9 },
      "ACT": { "price": 4.5, "discountRate": 50, "promo": "", "orgPrice": 9 },
      "NT": { "price": 4.86, "discountRate": 50, "promo": "", "orgPrice": 9.72 }
    },
    "categoryIds": ["c-entertaining-at-home", "c-frozen"],
    "similarProducts": []
  },
  {
    "id": "bundaberg-brewed-4x375ml-drink-ginger-lemon-myrtle",
    "name": "Limited Edition Ginger Beer & Lemon Myrtle Multipack Bottles 375mL",
    "brand": "Bundaberg",
    "imageUrls": [
      "https://shop.coles.com.au/wcsstore/Coles-CAS/images/3/4/4/3449591.jpg"
    ],
    "storeId": "coles",
    "packageSize": "4 pack",
    "cupPrice": "$1.90 per 1L",
    "locations": {
      "VIC": {
        "price": 2.85,
        "discountRate": 50,
        "promo": "",
        "orgPrice": 5.7
      },
      "SA": { "price": 3.05, "discountRate": 50, "promo": "", "orgPrice": 6.1 },
      "NSW": {
        "price": 3.17,
        "discountRate": 50,
        "promo": "",
        "orgPrice": 6.35
      },
      "WA": { "price": 2.85, "discountRate": 50, "promo": "", "orgPrice": 5.7 },
      "ACT": {
        "price": 3.17,
        "discountRate": 50,
        "promo": "",
        "orgPrice": 6.35
      },
      "NT": { "price": 3.2, "discountRate": 50, "promo": "", "orgPrice": 6.41 }
    },
    "categoryIds": ["c-entertaining-at-home", "c-drinks"],
    "similarProducts": []
  },
  {
    "id": "kinder-chocolate-16-treat-sharebag-200g",
    "name": "Chocolate 16 Treat Sharebag",
    "brand": "Kinder",
    "imageUrls": [
      "https://shop.coles.com.au/wcsstore/Coles-CAS/images/2/5/2/2528761.jpg"
    ],
    "storeId": "coles",
    "packageSize": "200g",
    "cupPrice": "$1.25 per 100G",
    "locations": {
      "VIC": { "price": 2.5, "discountRate": 50, "promo": "", "orgPrice": 5 },
      "SA": { "price": 2.5, "discountRate": 50, "promo": "", "orgPrice": 5 },
      "QLD": { "price": 2.5, "discountRate": 50, "promo": "", "orgPrice": 5 },
      "NSW": { "price": 2.5, "discountRate": 50, "promo": "", "orgPrice": 5 },
      "WA": { "price": 2.5, "discountRate": 50, "promo": "", "orgPrice": 5 },
      "TAS": { "price": 2.5, "discountRate": 50, "promo": "", "orgPrice": 5 },
      "ACT": { "price": 2.5, "discountRate": 50, "promo": "", "orgPrice": 5 },
      "NT": { "price": 2.62, "discountRate": 50, "promo": "", "orgPrice": 5.25 }
    },
    "categoryIds": ["c-entertaining-at-home", "c-pantry"],
    "similarProducts": []
  },
  {
    "id": "mr-kipling-angel-slice-2762237p",
    "name": "Angel Slice 6 pack",
    "brand": "Mr Kipling",
    "imageUrls": [
      "https://shop.coles.com.au/wcsstore/Coles-CAS/images/2/7/6/2762237.jpg"
    ],
    "storeId": "coles",
    "packageSize": "165g",
    "cupPrice": "$1.21 per 100G",
    "categoryIds": ["c-entertaining-at-home", "c-bread-bakery"],
    "similarProducts": [],
    "locations": {
      "ALL": { "price": 2, "discountRate": 50, "promo": "", "orgPrice": 4 }
    }
  },
  {
    "id": "pringles-barbeque-potato-chips",
    "name": "BBQ Stacked Potato Chips",
    "brand": "Pringles",
    "imageUrls": [
      "https://shop.coles.com.au/wcsstore/Coles-CAS/images/2/7/8/2784070.jpg"
    ],
    "storeId": "coles",
    "packageSize": "134g",
    "cupPrice": "$2.99 per 100G",
    "locations": {
      "VIC": {
        "price": 4,
        "discountRate": 50,
        "promo": "Any 3 $6",
        "orgPrice": 4
      },
      "SA": {
        "price": 4,
        "discountRate": 50,
        "promo": "Any 3 $6",
        "orgPrice": 4
      },
      "QLD": {
        "price": 4,
        "discountRate": 50,
        "promo": "Any 3 $6",
        "orgPrice": 4
      },
      "NSW": {
        "price": 4,
        "discountRate": 50,
        "promo": "Any 3 $6",
        "orgPrice": 4
      },
      "WA": {
        "price": 4,
        "discountRate": 50,
        "promo": "Any 3 $6",
        "orgPrice": 4
      },
      "TAS": {
        "price": 4,
        "discountRate": 50,
        "promo": "Any 3 $6",
        "orgPrice": 4
      },
      "ACT": {
        "price": 4,
        "discountRate": 50,
        "promo": "Any 3 $6",
        "orgPrice": 4
      },
      "NT": {
        "price": 4.2,
        "discountRate": 52,
        "promo": "Any 3 $6",
        "orgPrice": 4.2
      }
    },
    "categoryIds": ["c-entertaining-at-home", "c-pantry"],
    "similarProducts": []
  },
  {
    "id": "pringles-southern-fried-chicken-flavour-potato-chips",
    "name": "Chicken Schnitty Flavour Potato Chips",
    "brand": "Pringles",
    "imageUrls": [
      "https://shop.coles.com.au/wcsstore/Coles-CAS/images/2/7/8/2784080.jpg"
    ],
    "storeId": "coles",
    "packageSize": "134g",
    "cupPrice": "$2.99 per 100G",
    "locations": {
      "VIC": {
        "price": 4,
        "discountRate": 50,
        "promo": "Any 3 $6",
        "orgPrice": 4
      },
      "SA": {
        "price": 4,
        "discountRate": 50,
        "promo": "Any 3 $6",
        "orgPrice": 4
      },
      "QLD": {
        "price": 4,
        "discountRate": 50,
        "promo": "Any 3 $6",
        "orgPrice": 4
      },
      "NSW": {
        "price": 4,
        "discountRate": 50,
        "promo": "Any 3 $6",
        "orgPrice": 4
      },
      "WA": {
        "price": 4,
        "discountRate": 50,
        "promo": "Any 3 $6",
        "orgPrice": 4
      },
      "TAS": {
        "price": 4,
        "discountRate": 50,
        "promo": "Any 3 $6",
        "orgPrice": 4
      },
      "ACT": {
        "price": 4,
        "discountRate": 50,
        "promo": "Any 3 $6",
        "orgPrice": 4
      },
      "NT": {
        "price": 4.2,
        "discountRate": 52,
        "promo": "Any 3 $6",
        "orgPrice": 4.2
      }
    },
    "categoryIds": ["c-entertaining-at-home", "c-pantry"],
    "similarProducts": []
  },
  {
    "id": "solo-lemon-10x375ml-cans",
    "name": "Lemon Flavour Multipack Cans 375mL",
    "brand": "Solo",
    "imageUrls": [
      "https://shop.coles.com.au/wcsstore/Coles-CAS/images/2/6/8/2684144.jpg"
    ],
    "storeId": "coles",
    "packageSize": "10 pack",
    "cupPrice": "$1.47 per 1L",
    "locations": {
      "VIC": {
        "price": 5.52,
        "discountRate": 50,
        "promo": "",
        "orgPrice": 11.05
      },
      "SA": { "price": 7, "discountRate": 43, "promo": "", "orgPrice": 12.3 },
      "QLD": { "price": 7, "discountRate": 44, "promo": "", "orgPrice": 12.45 },
      "NSW": { "price": 7, "discountRate": 44, "promo": "", "orgPrice": 12.4 },
      "WA": {
        "price": 5.52,
        "discountRate": 50,
        "promo": "",
        "orgPrice": 11.05
      },
      "TAS": {
        "price": 5.52,
        "discountRate": 50,
        "promo": "",
        "orgPrice": 11.05
      },
      "ACT": { "price": 7, "discountRate": 44, "promo": "", "orgPrice": 12.4 },
      "NT": { "price": 7, "discountRate": 46, "promo": "", "orgPrice": 12.92 }
    },
    "categoryIds": ["c-entertaining-at-home", "c-drinks"],
    "similarProducts": []
  },
  {
    "id": "steggles-hot-spicy-chicken-tenders",
    "name": "Frozen Hot & Spicy Chicken Breast Tenders",
    "brand": "Steggles",
    "imageUrls": [
      "https://shop.coles.com.au/wcsstore/Coles-CAS/images/2/7/1/2719974.jpg"
    ],
    "storeId": "coles",
    "packageSize": "400g",
    "cupPrice": "$11.25 per 1Kg",
    "locations": {
      "VIC": { "price": 4.5, "discountRate": 50, "promo": "", "orgPrice": 9 },
      "SA": { "price": 4.5, "discountRate": 50, "promo": "", "orgPrice": 9 },
      "QLD": { "price": 4.5, "discountRate": 50, "promo": "", "orgPrice": 9 },
      "NSW": { "price": 4.5, "discountRate": 50, "promo": "", "orgPrice": 9 },
      "WA": { "price": 4.5, "discountRate": 50, "promo": "", "orgPrice": 9 },
      "TAS": { "price": 4.5, "discountRate": 50, "promo": "", "orgPrice": 9 },
      "ACT": { "price": 4.5, "discountRate": 50, "promo": "", "orgPrice": 9 },
      "NT": { "price": 4.86, "discountRate": 50, "promo": "", "orgPrice": 9.72 }
    },
    "categoryIds": ["c-entertaining-at-home", "c-frozen"],
    "similarProducts": []
  },
  {
    "id": "the-natural-confectionary-co-smoothie-chews",
    "name": "Smoothie Chews",
    "brand": "The Natural Confectionary Co.",
    "imageUrls": [
      "https://shop.coles.com.au/wcsstore/Coles-CAS/images/2/3/5/2351210.jpg"
    ],
    "storeId": "coles",
    "packageSize": "220g",
    "cupPrice": "$0.91 per 100G",
    "locations": {
      "VIC": { "price": 2, "discountRate": 50, "promo": "", "orgPrice": 4 },
      "SA": { "price": 2, "discountRate": 50, "promo": "", "orgPrice": 4 },
      "QLD": { "price": 2, "discountRate": 50, "promo": "", "orgPrice": 4 },
      "NSW": { "price": 2, "discountRate": 50, "promo": "", "orgPrice": 4 },
      "WA": { "price": 2, "discountRate": 50, "promo": "", "orgPrice": 4 },
      "TAS": { "price": 2, "discountRate": 50, "promo": "", "orgPrice": 4 },
      "ACT": { "price": 2, "discountRate": 50, "promo": "", "orgPrice": 4 },
      "NT": { "price": 2.1, "discountRate": 50, "promo": "", "orgPrice": 4.2 }
    },
    "categoryIds": ["c-entertaining-at-home", "c-pantry"],
    "similarProducts": []
  },
  {
    "id": "the-natural-confec-co-rainbow-snakes",
    "name": "Rainbow Snakes",
    "brand": "The Natural Confectionary Co.",
    "imageUrls": [
      "https://shop.coles.com.au/wcsstore/Coles-CAS/images/3/1/5/3158522.jpg"
    ],
    "storeId": "coles",
    "packageSize": "220g",
    "cupPrice": "$0.91 per 100G",
    "locations": {
      "VIC": { "price": 2, "discountRate": 50, "promo": "", "orgPrice": 4 },
      "SA": { "price": 2, "discountRate": 50, "promo": "", "orgPrice": 4 },
      "QLD": { "price": 2, "discountRate": 50, "promo": "", "orgPrice": 4 },
      "NSW": { "price": 2, "discountRate": 50, "promo": "", "orgPrice": 4 },
      "WA": { "price": 2, "discountRate": 50, "promo": "", "orgPrice": 4 },
      "TAS": { "price": 2, "discountRate": 50, "promo": "", "orgPrice": 4 },
      "ACT": { "price": 2, "discountRate": 50, "promo": "", "orgPrice": 4 },
      "NT": { "price": 2.1, "discountRate": 50, "promo": "", "orgPrice": 4.2 }
    },
    "categoryIds": ["c-entertaining-at-home", "c-pantry"],
    "similarProducts": []
  },
  {
    "id": "the-natural-confec-co-fruit-smoothies-tropical",
    "name": "Tropical Crush Fruit Smoothie Flavoured Jellies",
    "brand": "The Natural Confectionery Co.",
    "imageUrls": [
      "https://shop.coles.com.au/wcsstore/Coles-CAS/images/3/6/1/3615001.jpg"
    ],
    "storeId": "coles",
    "packageSize": "200g",
    "cupPrice": "$1.00 per 100G",
    "locations": {
      "VIC": { "price": 2, "discountRate": 50, "promo": "", "orgPrice": 4 },
      "SA": { "price": 2, "discountRate": 50, "promo": "", "orgPrice": 4 },
      "NSW": { "price": 2, "discountRate": 50, "promo": "", "orgPrice": 4 },
      "NT": { "price": 2.1, "discountRate": 50, "promo": "", "orgPrice": 4.2 }
    },
    "categoryIds": ["c-entertaining-at-home", "c-pantry"],
    "similarProducts": []
  },
  {
    "id": "zooper-dooper-your-favourites",
    "name": "Your Favourites Ice Tubes 24 Pack",
    "brand": "Zooper Dooper",
    "imageUrls": [
      "https://shop.coles.com.au/wcsstore/Coles-CAS/images/3/2/8/3283932.jpg"
    ],
    "storeId": "coles",
    "packageSize": "1.68L",
    "cupPrice": "$0.17 per 100mL",
    "categoryIds": ["c-entertaining-at-home", "c-frozen"],
    "similarProducts": [],
    "locations": {
      "ALL": { "price": 2.9, "discountRate": 50, "promo": "", "orgPrice": 5.8 }
    }
  },
  {
    "id": "mr-kipling-cherry-bakewells-1777410p",
    "name": "Cherry & Almond Bakewells Tarts 6 pack",
    "brand": "Mr Kipling",
    "imageUrls": [
      "https://shop.coles.com.au/wcsstore/Coles-CAS/images/1/7/7/1777410.jpg"
    ],
    "storeId": "coles",
    "packageSize": "250g",
    "cupPrice": "$8.00 per 1Kg",
    "categoryIds": ["c-bread-bakery"],
    "similarProducts": [],
    "locations": {
      "ALL": { "price": 2, "discountRate": 50, "promo": "", "orgPrice": 4 }
    }
  },
  {
    "id": "don-sliced-rspca-chicken-breast",
    "name": "RSPCA Approved Sliced Chicken Breast",
    "brand": "Don",
    "imageUrls": [
      "https://shop.coles.com.au/wcsstore/Coles-CAS/images/3/5/8/3583200.jpg"
    ],
    "storeId": "coles",
    "packageSize": "180g",
    "cupPrice": "$1.78 per 100G",
    "locations": {
      "VIC": { "price": 3.2, "discountRate": 50, "promo": "", "orgPrice": 6.4 },
      "SA": { "price": 3.2, "discountRate": 50, "promo": "", "orgPrice": 6.4 },
      "QLD": { "price": 3.2, "discountRate": 50, "promo": "", "orgPrice": 6.4 },
      "NSW": { "price": 3.2, "discountRate": 50, "promo": "", "orgPrice": 6.4 },
      "WA": { "price": 3.2, "discountRate": 50, "promo": "", "orgPrice": 6.4 },
      "ACT": { "price": 3.2, "discountRate": 50, "promo": "", "orgPrice": 6.4 },
      "NT": { "price": 3.2, "discountRate": 50, "promo": "", "orgPrice": 6.4 }
    },
    "categoryIds": ["c-meat-seafood-deli", "c-dairy-eggs-meals"],
    "similarProducts": []
  },
  {
    "id": "chobani-flip--strawberry-cheesecake-yoghurt",
    "name": "Flip Strawberry Shortcake Yoghurt",
    "brand": "Chobani",
    "imageUrls": [
      "https://shop.coles.com.au/wcsstore/Coles-CAS/images/2/9/7/2974982.jpg"
    ],
    "storeId": "coles",
    "packageSize": "140g",
    "cupPrice": "$1.07 per 100G",
    "locations": {
      "VIC": { "price": 1.5, "discountRate": 50, "promo": "", "orgPrice": 3 },
      "SA": { "price": 1.5, "discountRate": 50, "promo": "", "orgPrice": 3 },
      "QLD": { "price": 1.5, "discountRate": 50, "promo": "", "orgPrice": 3 },
      "NSW": { "price": 1.5, "discountRate": 50, "promo": "", "orgPrice": 3 },
      "WA": { "price": 1.5, "discountRate": 50, "promo": "", "orgPrice": 3 },
      "TAS": { "price": 1.5, "discountRate": 50, "promo": "", "orgPrice": 3 },
      "ACT": { "price": 1.5, "discountRate": 50, "promo": "", "orgPrice": 3 },
      "NT": { "price": 1.5, "discountRate": 54, "promo": "", "orgPrice": 3.24 }
    },
    "categoryIds": ["c-dairy-eggs-meals"],
    "similarProducts": []
  },
  {
    "id": "chobani--flip-almond-coco-loco-yoghurt",
    "name": "Flip Almond Coco Loco Yoghurt",
    "brand": "Chobani",
    "imageUrls": [
      "https://shop.coles.com.au/wcsstore/Coles-CAS/images/2/9/7/2974891.jpg"
    ],
    "storeId": "coles",
    "packageSize": "140g",
    "cupPrice": "$1.07 per 100G",
    "locations": {
      "VIC": { "price": 1.5, "discountRate": 50, "promo": "", "orgPrice": 3 },
      "SA": { "price": 1.5, "discountRate": 50, "promo": "", "orgPrice": 3 },
      "QLD": { "price": 1.5, "discountRate": 50, "promo": "", "orgPrice": 3 },
      "NSW": { "price": 1.5, "discountRate": 50, "promo": "", "orgPrice": 3 },
      "WA": { "price": 1.5, "discountRate": 50, "promo": "", "orgPrice": 3 },
      "TAS": { "price": 1.5, "discountRate": 50, "promo": "", "orgPrice": 3 },
      "ACT": { "price": 1.5, "discountRate": 50, "promo": "", "orgPrice": 3 },
      "NT": { "price": 1.5, "discountRate": 54, "promo": "", "orgPrice": 3.24 }
    },
    "categoryIds": ["c-dairy-eggs-meals"],
    "similarProducts": []
  },
  {
    "id": "chobani--flip-salted-caramel-crunch-yoghurt",
    "name": "Flip Salted Caramel Crunch Yoghurt",
    "brand": "Chobani",
    "imageUrls": [
      "https://shop.coles.com.au/wcsstore/Coles-CAS/images/2/9/7/2974950.jpg"
    ],
    "storeId": "coles",
    "packageSize": "140g",
    "cupPrice": "$1.07 per 100G",
    "locations": {
      "VIC": { "price": 1.5, "discountRate": 50, "promo": "", "orgPrice": 3 },
      "SA": { "price": 1.5, "discountRate": 50, "promo": "", "orgPrice": 3 },
      "QLD": { "price": 1.5, "discountRate": 50, "promo": "", "orgPrice": 3 },
      "NSW": { "price": 1.5, "discountRate": 50, "promo": "", "orgPrice": 3 },
      "WA": { "price": 1.5, "discountRate": 50, "promo": "", "orgPrice": 3 },
      "TAS": { "price": 1.5, "discountRate": 50, "promo": "", "orgPrice": 3 },
      "ACT": { "price": 1.5, "discountRate": 50, "promo": "", "orgPrice": 3 },
      "NT": { "price": 1.5, "discountRate": 54, "promo": "", "orgPrice": 3.24 }
    },
    "categoryIds": ["c-dairy-eggs-meals"],
    "similarProducts": []
  },
  {
    "id": "philadelphia-caramilk-cream-chese",
    "name": "Caramilk Cream Cheese",
    "brand": "Philadelphia",
    "imageUrls": [
      "https://shop.coles.com.au/wcsstore/Coles-CAS/images/3/7/6/3766583.jpg"
    ],
    "storeId": "coles",
    "packageSize": "250g",
    "cupPrice": "$9.40 per 1Kg",
    "locations": {
      "VIC": {
        "price": 2.35,
        "discountRate": 50,
        "promo": "",
        "orgPrice": 4.7
      },
      "SA": { "price": 2.35, "discountRate": 50, "promo": "", "orgPrice": 4.7 },
      "NSW": {
        "price": 2.35,
        "discountRate": 50,
        "promo": "",
        "orgPrice": 4.7
      },
      "WA": { "price": 2.35, "discountRate": 50, "promo": "", "orgPrice": 4.7 },
      "TAS": {
        "price": 2.35,
        "discountRate": 50,
        "promo": "",
        "orgPrice": 4.7
      },
      "NT": { "price": 2.35, "discountRate": 54, "promo": "", "orgPrice": 5.08 }
    },
    "categoryIds": ["c-dairy-eggs-meals"],
    "similarProducts": []
  },
  {
    "id": "chobani-yoghurt-flip-cookies-cream-3246700p",
    "name": "Flip Cookies & Cream Crunch Yoghurt",
    "brand": "Chobani",
    "imageUrls": [
      "https://shop.coles.com.au/wcsstore/Coles-CAS/images/3/2/4/3246700.jpg"
    ],
    "storeId": "coles",
    "packageSize": "140g",
    "cupPrice": "$1.07 per 100G",
    "locations": {
      "VIC": { "price": 1.5, "discountRate": 50, "promo": "", "orgPrice": 3 },
      "SA": { "price": 1.5, "discountRate": 50, "promo": "", "orgPrice": 3 },
      "QLD": { "price": 1.5, "discountRate": 50, "promo": "", "orgPrice": 3 },
      "NSW": { "price": 1.5, "discountRate": 50, "promo": "", "orgPrice": 3 },
      "WA": { "price": 1.5, "discountRate": 50, "promo": "", "orgPrice": 3 },
      "TAS": { "price": 1.5, "discountRate": 50, "promo": "", "orgPrice": 3 },
      "ACT": { "price": 1.5, "discountRate": 50, "promo": "", "orgPrice": 3 },
      "NT": { "price": 1.5, "discountRate": 54, "promo": "", "orgPrice": 3.24 }
    },
    "categoryIds": ["c-dairy-eggs-meals"],
    "similarProducts": []
  },
  {
    "id": "chobani-flip-yoghurt-choc-cherry-delight",
    "name": "Caramel Sunshine Flip Yoghurt",
    "brand": "Chobani",
    "imageUrls": [
      "https://shop.coles.com.au/wcsstore/Coles-CAS/images/3/4/7/3477826.jpg"
    ],
    "storeId": "coles",
    "packageSize": "140g",
    "cupPrice": "$1.07 per 100G",
    "locations": {
      "VIC": { "price": 1.5, "discountRate": 50, "promo": "", "orgPrice": 3 },
      "SA": { "price": 1.5, "discountRate": 50, "promo": "", "orgPrice": 3 },
      "QLD": { "price": 1.5, "discountRate": 50, "promo": "", "orgPrice": 3 },
      "NSW": { "price": 1.5, "discountRate": 50, "promo": "", "orgPrice": 3 },
      "WA": { "price": 1.5, "discountRate": 50, "promo": "", "orgPrice": 3 },
      "TAS": { "price": 1.5, "discountRate": 50, "promo": "", "orgPrice": 3 },
      "ACT": { "price": 1.5, "discountRate": 50, "promo": "", "orgPrice": 3 },
      "NT": { "price": 1.5, "discountRate": 54, "promo": "", "orgPrice": 3.24 }
    },
    "categoryIds": ["c-dairy-eggs-meals"],
    "similarProducts": []
  },
  {
    "id": "mars-maltesers-block-mint",
    "name": "Teasers Mint Chocolate Blocks",
    "brand": "Maltesers",
    "imageUrls": [
      "https://shop.coles.com.au/wcsstore/Coles-CAS/images/3/5/8/3588113.jpg"
    ],
    "storeId": "coles",
    "packageSize": "146g",
    "cupPrice": "$1.64 per 100G",
    "locations": {
      "VIC": { "price": 2.4, "discountRate": 50, "promo": "", "orgPrice": 4.8 },
      "SA": { "price": 2.4, "discountRate": 50, "promo": "", "orgPrice": 4.8 },
      "QLD": { "price": 2.4, "discountRate": 50, "promo": "", "orgPrice": 4.8 },
      "NSW": { "price": 2.4, "discountRate": 50, "promo": "", "orgPrice": 4.8 },
      "WA": { "price": 2.4, "discountRate": 50, "promo": "", "orgPrice": 4.8 },
      "TAS": { "price": 2.4, "discountRate": 50, "promo": "", "orgPrice": 4.8 },
      "ACT": { "price": 2.4, "discountRate": 50, "promo": "", "orgPrice": 4.8 },
      "NT": { "price": 2.52, "discountRate": 50, "promo": "", "orgPrice": 5.04 }
    },
    "categoryIds": ["c-pantry"],
    "similarProducts": []
  },
  {
    "id": "mars-maltesers-block-milk-chocolate",
    "name": "Teasers Milk Chocolate Bar",
    "brand": "Maltesers",
    "imageUrls": [
      "https://shop.coles.com.au/wcsstore/Coles-CAS/images/3/4/7/3475718.jpg"
    ],
    "storeId": "coles",
    "packageSize": "146g",
    "cupPrice": "$16.44 per 1KG",
    "locations": {
      "VIC": { "price": 2.4, "discountRate": 50, "promo": "", "orgPrice": 4.8 },
      "SA": { "price": 2.4, "discountRate": 50, "promo": "", "orgPrice": 4.8 },
      "QLD": { "price": 2.4, "discountRate": 50, "promo": "", "orgPrice": 4.8 },
      "NSW": { "price": 2.4, "discountRate": 50, "promo": "", "orgPrice": 4.8 },
      "WA": { "price": 2.4, "discountRate": 50, "promo": "", "orgPrice": 4.8 },
      "TAS": { "price": 2.4, "discountRate": 50, "promo": "", "orgPrice": 4.8 },
      "ACT": { "price": 2.4, "discountRate": 50, "promo": "", "orgPrice": 4.8 },
      "NT": { "price": 2.52, "discountRate": 50, "promo": "", "orgPrice": 5.04 }
    },
    "categoryIds": ["c-pantry"],
    "similarProducts": []
  },
  {
    "id": "cadbury-twirl-chocolate-bar",
    "name": "Twirl Chocolate Bar",
    "brand": "Cadbury",
    "imageUrls": [
      "https://shop.coles.com.au/wcsstore/Coles-CAS/images/5/2/1/5216313.jpg"
    ],
    "storeId": "coles",
    "packageSize": "39g",
    "cupPrice": "$2.18 per 100G",
    "locations": {
      "VIC": { "price": 0.85, "discountRate": 58, "promo": "", "orgPrice": 2 },
      "SA": { "price": 0.85, "discountRate": 58, "promo": "", "orgPrice": 2 },
      "QLD": { "price": 0.85, "discountRate": 58, "promo": "", "orgPrice": 2 },
      "NSW": { "price": 0.85, "discountRate": 58, "promo": "", "orgPrice": 2 },
      "WA": { "price": 0.85, "discountRate": 58, "promo": "", "orgPrice": 2 },
      "TAS": { "price": 0.85, "discountRate": 58, "promo": "", "orgPrice": 2 },
      "ACT": { "price": 0.85, "discountRate": 58, "promo": "", "orgPrice": 2 },
      "NT": { "price": 0.85, "discountRate": 60, "promo": "", "orgPrice": 2.1 }
    },
    "categoryIds": ["c-pantry"],
    "similarProducts": []
  },
  {
    "id": "cadbury-cherry-ripe-chocolate-bar",
    "name": "Cherry Ripe Chocolate Bar",
    "brand": "Cadbury",
    "imageUrls": [
      "https://shop.coles.com.au/wcsstore/Coles-CAS/images/1/3/6/136534.jpg"
    ],
    "storeId": "coles",
    "packageSize": "52g",
    "cupPrice": "$1.63 per 100G",
    "locations": {
      "VIC": { "price": 0.85, "discountRate": 58, "promo": "", "orgPrice": 2 },
      "SA": { "price": 0.85, "discountRate": 58, "promo": "", "orgPrice": 2 },
      "QLD": { "price": 0.85, "discountRate": 58, "promo": "", "orgPrice": 2 },
      "NSW": { "price": 0.85, "discountRate": 58, "promo": "", "orgPrice": 2 },
      "WA": { "price": 0.85, "discountRate": 58, "promo": "", "orgPrice": 2 },
      "TAS": { "price": 0.85, "discountRate": 58, "promo": "", "orgPrice": 2 },
      "ACT": { "price": 0.85, "discountRate": 58, "promo": "", "orgPrice": 2 },
      "NT": { "price": 0.85, "discountRate": 60, "promo": "", "orgPrice": 2.1 }
    },
    "categoryIds": ["c-pantry"],
    "similarProducts": []
  },
  {
    "id": "cadbury-turkish-delight-chocolate-bar",
    "name": "Turkish Delight Chocolate Bar",
    "brand": "Fry's",
    "imageUrls": [
      "https://shop.coles.com.au/wcsstore/Coles-CAS/images/1/3/6/136498.jpg"
    ],
    "storeId": "coles",
    "packageSize": "55g",
    "cupPrice": "$1.55 per 100G",
    "locations": {
      "VIC": { "price": 0.85, "discountRate": 58, "promo": "", "orgPrice": 2 },
      "SA": { "price": 0.85, "discountRate": 58, "promo": "", "orgPrice": 2 },
      "QLD": { "price": 0.85, "discountRate": 58, "promo": "", "orgPrice": 2 },
      "NSW": { "price": 0.85, "discountRate": 58, "promo": "", "orgPrice": 2 },
      "WA": { "price": 0.85, "discountRate": 58, "promo": "", "orgPrice": 2 },
      "TAS": { "price": 0.85, "discountRate": 58, "promo": "", "orgPrice": 2 },
      "ACT": { "price": 0.85, "discountRate": 58, "promo": "", "orgPrice": 2 },
      "NT": { "price": 0.85, "discountRate": 60, "promo": "", "orgPrice": 2.1 }
    },
    "categoryIds": ["c-pantry"],
    "similarProducts": []
  },
  {
    "id": "kelloggs-k-time-twists-strawberry-yoghurt",
    "name": "K-Time Baked Twists Strawberry & Yoghurt Flavour Filled Snack Bars 5 pack",
    "brand": "Kellogg's",
    "imageUrls": [
      "https://shop.coles.com.au/wcsstore/Coles-CAS/images/9/2/6/9264260.jpg"
    ],
    "storeId": "coles",
    "packageSize": "185g",
    "cupPrice": "$1.08 per 100G",
    "locations": {
      "VIC": { "price": 2, "discountRate": 50, "promo": "", "orgPrice": 4 },
      "SA": { "price": 2, "discountRate": 50, "promo": "", "orgPrice": 4 },
      "QLD": { "price": 2, "discountRate": 50, "promo": "", "orgPrice": 4 },
      "NSW": { "price": 2, "discountRate": 50, "promo": "", "orgPrice": 4 },
      "WA": { "price": 2, "discountRate": 50, "promo": "", "orgPrice": 4 },
      "TAS": { "price": 2, "discountRate": 50, "promo": "", "orgPrice": 4 },
      "ACT": { "price": 2, "discountRate": 50, "promo": "", "orgPrice": 4 },
      "NT": { "price": 2.1, "discountRate": 48, "promo": "", "orgPrice": 4 }
    },
    "categoryIds": ["c-pantry"],
    "similarProducts": []
  },
  {
    "id": "fantastic-noodles-bowl-chicken",
    "name": "Chicken Noodles Bowl",
    "brand": "Fantastic",
    "imageUrls": [
      "https://shop.coles.com.au/wcsstore/Coles-CAS/images/6/9/9/6992421.jpg"
    ],
    "storeId": "coles",
    "packageSize": "85g",
    "cupPrice": "$0.94 per 100G",
    "categoryIds": ["c-pantry"],
    "similarProducts": [],
    "locations": {
      "ALL": { "price": 0.8, "discountRate": 50, "promo": "", "orgPrice": 1.6 }
    }
  },
  {
    "id": "fantastic-noodles-cup-chicken",
    "name": "Chicken Noodle Cup",
    "brand": "Fantastic",
    "imageUrls": [
      "https://shop.coles.com.au/wcsstore/Coles-CAS/images/5/5/8/5588840.jpg"
    ],
    "storeId": "coles",
    "packageSize": "70g",
    "cupPrice": "$1.14 per 100G",
    "categoryIds": ["c-pantry"],
    "similarProducts": [],
    "locations": {
      "ALL": { "price": 0.8, "discountRate": 50, "promo": "", "orgPrice": 1.6 }
    }
  },
  {
    "id": "john-west-tempters-tuna-in-olive-oil",
    "name": "Tempters Tuna in Olive Oil",
    "brand": "John West",
    "imageUrls": [
      "https://shop.coles.com.au/wcsstore/Coles-CAS/images/5/5/5/5558736.jpg"
    ],
    "storeId": "coles",
    "packageSize": "95g",
    "cupPrice": "$12.11 per 1Kg",
    "locations": {
      "VIC": {
        "price": 1.15,
        "discountRate": 50,
        "promo": "",
        "orgPrice": 2.3
      },
      "SA": { "price": 1.15, "discountRate": 50, "promo": "", "orgPrice": 2.3 },
      "QLD": {
        "price": 1.15,
        "discountRate": 50,
        "promo": "",
        "orgPrice": 2.3
      },
      "NSW": {
        "price": 1.15,
        "discountRate": 50,
        "promo": "",
        "orgPrice": 2.3
      },
      "WA": { "price": 1.15, "discountRate": 50, "promo": "", "orgPrice": 2.3 },
      "TAS": {
        "price": 1.15,
        "discountRate": 50,
        "promo": "",
        "orgPrice": 2.3
      },
      "ACT": {
        "price": 1.15,
        "discountRate": 50,
        "promo": "",
        "orgPrice": 2.3
      },
      "NT": { "price": 1.15, "discountRate": 52, "promo": "", "orgPrice": 2.42 }
    },
    "categoryIds": ["c-pantry"],
    "similarProducts": []
  },
  {
    "id": "john-west-tempters-tuna-chunky-in-springwater",
    "name": "Tempters Tuna Chunks in Springwater",
    "brand": "John West",
    "imageUrls": [
      "https://shop.coles.com.au/wcsstore/Coles-CAS/images/7/5/3/7532777.jpg"
    ],
    "storeId": "coles",
    "packageSize": "95g",
    "cupPrice": "$12.11 per 1Kg",
    "locations": {
      "VIC": {
        "price": 1.15,
        "discountRate": 50,
        "promo": "",
        "orgPrice": 2.3
      },
      "SA": { "price": 1.15, "discountRate": 50, "promo": "", "orgPrice": 2.3 },
      "QLD": {
        "price": 1.15,
        "discountRate": 50,
        "promo": "",
        "orgPrice": 2.3
      },
      "NSW": {
        "price": 1.15,
        "discountRate": 50,
        "promo": "",
        "orgPrice": 2.3
      },
      "WA": { "price": 1.15, "discountRate": 50, "promo": "", "orgPrice": 2.3 },
      "TAS": {
        "price": 1.15,
        "discountRate": 50,
        "promo": "",
        "orgPrice": 2.3
      },
      "ACT": {
        "price": 1.15,
        "discountRate": 50,
        "promo": "",
        "orgPrice": 2.3
      },
      "NT": { "price": 1.15, "discountRate": 52, "promo": "", "orgPrice": 2.42 }
    },
    "categoryIds": ["c-pantry"],
    "similarProducts": []
  },
  {
    "id": "kelloggs-cereal-special-k",
    "name": "Special K Original Breakfast Cereal with Grain Based Protein",
    "brand": "Kellogg's",
    "imageUrls": [
      "https://shop.coles.com.au/wcsstore/Coles-CAS/images/8/4/9/8495891.jpg"
    ],
    "storeId": "coles",
    "packageSize": "535g",
    "cupPrice": "$0.71 per 100G",
    "locations": {
      "VIC": {
        "price": 3.82,
        "discountRate": 50,
        "promo": "",
        "orgPrice": 7.65
      },
      "SA": {
        "price": 3.82,
        "discountRate": 50,
        "promo": "",
        "orgPrice": 7.65
      },
      "QLD": {
        "price": 3.82,
        "discountRate": 50,
        "promo": "",
        "orgPrice": 7.65
      },
      "NSW": {
        "price": 3.82,
        "discountRate": 50,
        "promo": "",
        "orgPrice": 7.65
      },
      "WA": {
        "price": 3.82,
        "discountRate": 50,
        "promo": "",
        "orgPrice": 7.65
      },
      "TAS": {
        "price": 3.82,
        "discountRate": 50,
        "promo": "",
        "orgPrice": 7.65
      },
      "ACT": {
        "price": 3.82,
        "discountRate": 50,
        "promo": "",
        "orgPrice": 7.65
      },
      "NT": { "price": 4.01, "discountRate": 50, "promo": "", "orgPrice": 8.03 }
    },
    "categoryIds": ["c-pantry"],
    "similarProducts": []
  },
  {
    "id": "john-west-tempters-tuna-onion-tomato-savoury-sauce",
    "name": "Tempters Tuna Onion & Tomato Savoury Sauce",
    "brand": "John West",
    "imageUrls": [
      "https://shop.coles.com.au/wcsstore/Coles-CAS/images/3/8/4/384718.jpg"
    ],
    "storeId": "coles",
    "packageSize": "95g",
    "cupPrice": "$12.11 per 1Kg",
    "locations": {
      "VIC": {
        "price": 1.15,
        "discountRate": 50,
        "promo": "",
        "orgPrice": 2.3
      },
      "SA": { "price": 1.15, "discountRate": 50, "promo": "", "orgPrice": 2.3 },
      "QLD": {
        "price": 1.15,
        "discountRate": 50,
        "promo": "",
        "orgPrice": 2.3
      },
      "NSW": {
        "price": 1.15,
        "discountRate": 50,
        "promo": "",
        "orgPrice": 2.3
      },
      "WA": { "price": 1.15, "discountRate": 50, "promo": "", "orgPrice": 2.3 },
      "TAS": {
        "price": 1.15,
        "discountRate": 50,
        "promo": "",
        "orgPrice": 2.3
      },
      "ACT": {
        "price": 1.15,
        "discountRate": 50,
        "promo": "",
        "orgPrice": 2.3
      },
      "NT": { "price": 1.15, "discountRate": 52, "promo": "", "orgPrice": 2.42 }
    },
    "categoryIds": ["c-pantry"],
    "similarProducts": []
  },
  {
    "id": "kelloggs-cereal-nutri-grain",
    "name": "Nutri-Grain Protein Breakfast Cereal",
    "brand": "Kellogg's",
    "imageUrls": [
      "https://shop.coles.com.au/wcsstore/Coles-CAS/images/8/4/9/8495790.jpg"
    ],
    "storeId": "coles",
    "packageSize": "500g",
    "cupPrice": "$0.67 per 100G",
    "locations": {
      "VIC": {
        "price": 3.37,
        "discountRate": 50,
        "promo": "",
        "orgPrice": 6.75
      },
      "SA": {
        "price": 3.37,
        "discountRate": 50,
        "promo": "",
        "orgPrice": 6.75
      },
      "QLD": {
        "price": 3.37,
        "discountRate": 50,
        "promo": "",
        "orgPrice": 6.75
      },
      "NSW": {
        "price": 3.37,
        "discountRate": 50,
        "promo": "",
        "orgPrice": 6.75
      },
      "WA": {
        "price": 3.37,
        "discountRate": 50,
        "promo": "",
        "orgPrice": 6.75
      },
      "TAS": {
        "price": 3.37,
        "discountRate": 50,
        "promo": "",
        "orgPrice": 6.75
      },
      "ACT": {
        "price": 3.37,
        "discountRate": 50,
        "promo": "",
        "orgPrice": 6.75
      },
      "NT": { "price": 3.54, "discountRate": 50, "promo": "", "orgPrice": 7.04 }
    },
    "categoryIds": ["c-pantry"],
    "similarProducts": []
  },
  {
    "id": "john-west-tempters-tuna-chilli",
    "name": "Tempters Chilli Tuna",
    "brand": "John West",
    "imageUrls": [
      "https://shop.coles.com.au/wcsstore/Coles-CAS/images/6/0/4/6044009.jpg"
    ],
    "storeId": "coles",
    "packageSize": "95g",
    "cupPrice": "$12.11 per 1Kg",
    "locations": {
      "VIC": {
        "price": 1.15,
        "discountRate": 50,
        "promo": "",
        "orgPrice": 2.3
      },
      "SA": { "price": 1.15, "discountRate": 50, "promo": "", "orgPrice": 2.3 },
      "QLD": {
        "price": 1.15,
        "discountRate": 50,
        "promo": "",
        "orgPrice": 2.3
      },
      "NSW": {
        "price": 1.15,
        "discountRate": 50,
        "promo": "",
        "orgPrice": 2.3
      },
      "WA": { "price": 1.15, "discountRate": 50, "promo": "", "orgPrice": 2.3 },
      "TAS": {
        "price": 1.15,
        "discountRate": 50,
        "promo": "",
        "orgPrice": 2.3
      },
      "ACT": {
        "price": 1.15,
        "discountRate": 50,
        "promo": "",
        "orgPrice": 2.3
      },
      "NT": { "price": 1.15, "discountRate": 52, "promo": "", "orgPrice": 2.42 }
    },
    "categoryIds": ["c-pantry"],
    "similarProducts": []
  },
  {
    "id": "cadbury-bars-twirl-caramilk",
    "name": "Twirl Caramilk Bars",
    "brand": "Cadbury",
    "imageUrls": [
      "https://shop.coles.com.au/wcsstore/Coles-CAS/images/3/6/9/3698621.jpg"
    ],
    "storeId": "coles",
    "packageSize": "39g",
    "cupPrice": "$2.18 per 100G",
    "locations": {
      "VIC": { "price": 0.85, "discountRate": 58, "promo": "", "orgPrice": 2 },
      "SA": { "price": 0.85, "discountRate": 58, "promo": "", "orgPrice": 2 },
      "QLD": { "price": 0.85, "discountRate": 58, "promo": "", "orgPrice": 2 },
      "NSW": { "price": 0.85, "discountRate": 58, "promo": "", "orgPrice": 2 },
      "WA": { "price": 0.85, "discountRate": 58, "promo": "", "orgPrice": 2 },
      "TAS": { "price": 0.85, "discountRate": 58, "promo": "", "orgPrice": 2 },
      "ACT": { "price": 0.85, "discountRate": 58, "promo": "", "orgPrice": 2 },
      "NT": { "price": 0.85, "discountRate": 60, "promo": "", "orgPrice": 2.1 }
    },
    "categoryIds": ["c-pantry"],
    "similarProducts": []
  },
  {
    "id": "cadbury-dairy-milk-chocolate-roll-pack",
    "name": "Dairy Milk Chocolate Roll Pack",
    "brand": "Cadbury",
    "imageUrls": [
      "https://shop.coles.com.au/wcsstore/Coles-CAS/images/5/0/7/5072676.jpg"
    ],
    "storeId": "coles",
    "packageSize": "55g",
    "cupPrice": "$1.55 per 100G",
    "locations": {
      "VIC": { "price": 0.85, "discountRate": 58, "promo": "", "orgPrice": 2 },
      "SA": { "price": 0.85, "discountRate": 58, "promo": "", "orgPrice": 2 },
      "QLD": { "price": 0.85, "discountRate": 58, "promo": "", "orgPrice": 2 },
      "NSW": { "price": 0.85, "discountRate": 58, "promo": "", "orgPrice": 2 },
      "WA": { "price": 0.85, "discountRate": 58, "promo": "", "orgPrice": 2 },
      "TAS": { "price": 0.85, "discountRate": 58, "promo": "", "orgPrice": 2 },
      "ACT": { "price": 0.85, "discountRate": 58, "promo": "", "orgPrice": 2 },
      "NT": { "price": 0.85, "discountRate": 60, "promo": "", "orgPrice": 2.1 }
    },
    "categoryIds": ["c-pantry"],
    "similarProducts": []
  },
  {
    "id": "carmans-dark-choc-and-cranberry-gourmet-and-protein-bars-5-pack",
    "name": "Dark Choc & Cranberry Gourmet Protein Bar 5 pack",
    "brand": "Carman's",
    "imageUrls": [
      "https://shop.coles.com.au/wcsstore/Coles-CAS/images/2/1/2/2129482.jpg"
    ],
    "storeId": "coles",
    "packageSize": "200g",
    "cupPrice": "$1.58 per 100G",
    "locations": {
      "VIC": {
        "price": 3.15,
        "discountRate": 50,
        "promo": "",
        "orgPrice": 6.3
      },
      "SA": { "price": 3.15, "discountRate": 50, "promo": "", "orgPrice": 6.3 },
      "QLD": {
        "price": 3.15,
        "discountRate": 50,
        "promo": "",
        "orgPrice": 6.3
      },
      "NSW": {
        "price": 3.15,
        "discountRate": 50,
        "promo": "",
        "orgPrice": 6.3
      },
      "WA": { "price": 3.15, "discountRate": 50, "promo": "", "orgPrice": 6.3 },
      "TAS": {
        "price": 3.15,
        "discountRate": 50,
        "promo": "",
        "orgPrice": 6.3
      },
      "ACT": {
        "price": 3.15,
        "discountRate": 50,
        "promo": "",
        "orgPrice": 6.3
      },
      "NT": { "price": 3.31, "discountRate": 50, "promo": "", "orgPrice": 6.62 }
    },
    "categoryIds": ["c-pantry"],
    "similarProducts": []
  },
  {
    "id": "john-west-tempters-tuna-natural-smoke-flavour",
    "name": "Tempters Natural Smoke Flavour Tuna",
    "brand": "John West",
    "imageUrls": [
      "https://shop.coles.com.au/wcsstore/Coles-CAS/images/9/6/5/9658663.jpg"
    ],
    "storeId": "coles",
    "packageSize": "95g",
    "cupPrice": "$12.11 per 1Kg",
    "categoryIds": ["c-pantry"],
    "similarProducts": [],
    "locations": {
      "ALL": { "price": 1.15, "discountRate": 50, "promo": "", "orgPrice": 2.3 }
    }
  },
  {
    "id": "carmans-greek-yoghurt-berry-protein-bars",
    "name": "Greek Style Yoghurt & Berry Gourmet Protein Bars 5 pack",
    "brand": "Carman's",
    "imageUrls": [
      "https://shop.coles.com.au/wcsstore/Coles-CAS/images/2/3/9/2392513.jpg"
    ],
    "storeId": "coles",
    "packageSize": "200g",
    "cupPrice": "$1.58 per 100G",
    "locations": {
      "VIC": {
        "price": 3.15,
        "discountRate": 50,
        "promo": "",
        "orgPrice": 6.3
      },
      "SA": { "price": 3.15, "discountRate": 50, "promo": "", "orgPrice": 6.3 },
      "QLD": {
        "price": 3.15,
        "discountRate": 50,
        "promo": "",
        "orgPrice": 6.3
      },
      "NSW": {
        "price": 3.15,
        "discountRate": 50,
        "promo": "",
        "orgPrice": 6.3
      },
      "WA": { "price": 3.15, "discountRate": 50, "promo": "", "orgPrice": 6.3 },
      "TAS": {
        "price": 3.15,
        "discountRate": 50,
        "promo": "",
        "orgPrice": 6.3
      },
      "ACT": {
        "price": 3.15,
        "discountRate": 50,
        "promo": "",
        "orgPrice": 6.3
      },
      "NT": { "price": 3.31, "discountRate": 50, "promo": "", "orgPrice": 6.62 }
    },
    "categoryIds": ["c-pantry"],
    "similarProducts": []
  },
  {
    "id": "john-west-tempters-tuna-oven-dried-tomato-basil",
    "name": "Tempters Oven Dried Tomato & Basil Tuna",
    "brand": "John West",
    "imageUrls": [
      "https://shop.coles.com.au/wcsstore/Coles-CAS/images/6/0/4/6041124.jpg"
    ],
    "storeId": "coles",
    "packageSize": "95g",
    "cupPrice": "$12.11 per 1Kg",
    "locations": {
      "VIC": {
        "price": 1.15,
        "discountRate": 50,
        "promo": "",
        "orgPrice": 2.3
      },
      "SA": { "price": 1.15, "discountRate": 50, "promo": "", "orgPrice": 2.3 },
      "QLD": {
        "price": 1.15,
        "discountRate": 50,
        "promo": "",
        "orgPrice": 2.3
      },
      "NSW": {
        "price": 1.15,
        "discountRate": 50,
        "promo": "",
        "orgPrice": 2.3
      },
      "WA": { "price": 1.15, "discountRate": 50, "promo": "", "orgPrice": 2.3 },
      "TAS": {
        "price": 1.15,
        "discountRate": 50,
        "promo": "",
        "orgPrice": 2.3
      },
      "ACT": {
        "price": 1.15,
        "discountRate": 50,
        "promo": "",
        "orgPrice": 2.3
      },
      "NT": { "price": 1.15, "discountRate": 52, "promo": "", "orgPrice": 2.42 }
    },
    "categoryIds": ["c-pantry"],
    "similarProducts": []
  },
  {
    "id": "john-west-tempters-jalapeno-tuna",
    "name": "Tempters Tuna & Tangy Jalapenos",
    "brand": "John West",
    "imageUrls": [
      "https://shop.coles.com.au/wcsstore/Coles-CAS/images/2/6/6/2667972.jpg"
    ],
    "storeId": "coles",
    "packageSize": "95g",
    "cupPrice": "$12.11 per 1Kg",
    "locations": {
      "VIC": {
        "price": 1.15,
        "discountRate": 50,
        "promo": "",
        "orgPrice": 2.3
      },
      "SA": { "price": 1.15, "discountRate": 50, "promo": "", "orgPrice": 2.3 },
      "QLD": {
        "price": 1.15,
        "discountRate": 50,
        "promo": "",
        "orgPrice": 2.3
      },
      "NSW": {
        "price": 1.15,
        "discountRate": 50,
        "promo": "",
        "orgPrice": 2.3
      },
      "WA": { "price": 1.15, "discountRate": 50, "promo": "", "orgPrice": 2.3 },
      "TAS": {
        "price": 1.15,
        "discountRate": 50,
        "promo": "",
        "orgPrice": 2.3
      },
      "ACT": {
        "price": 1.15,
        "discountRate": 50,
        "promo": "",
        "orgPrice": 2.3
      },
      "NT": { "price": 1.15, "discountRate": 52, "promo": "", "orgPrice": 2.42 }
    },
    "categoryIds": ["c-pantry"],
    "similarProducts": []
  },
  {
    "id": "john-west-tempters-tuna-enchilada",
    "name": "Tempters Enchilada Tuna",
    "brand": "John West",
    "imageUrls": [
      "https://shop.coles.com.au/wcsstore/Coles-CAS/images/3/2/0/3209827.jpg"
    ],
    "storeId": "coles",
    "packageSize": "90g",
    "cupPrice": "$1.28 per 100G",
    "locations": {
      "VIC": {
        "price": 1.15,
        "discountRate": 50,
        "promo": "",
        "orgPrice": 2.3
      },
      "SA": { "price": 1.15, "discountRate": 50, "promo": "", "orgPrice": 2.3 },
      "QLD": {
        "price": 1.15,
        "discountRate": 50,
        "promo": "",
        "orgPrice": 2.3
      },
      "NSW": {
        "price": 1.15,
        "discountRate": 50,
        "promo": "",
        "orgPrice": 2.3
      },
      "WA": { "price": 1.15, "discountRate": 50, "promo": "", "orgPrice": 2.3 },
      "TAS": {
        "price": 1.15,
        "discountRate": 50,
        "promo": "",
        "orgPrice": 2.3
      },
      "ACT": {
        "price": 1.15,
        "discountRate": 50,
        "promo": "",
        "orgPrice": 2.3
      },
      "NT": { "price": 1.15, "discountRate": 52, "promo": "", "orgPrice": 2.42 }
    },
    "categoryIds": ["c-pantry"],
    "similarProducts": []
  },
  {
    "id": "peckish-fancies-rice-cracker-onion-balsam",
    "name": "Gluten Free Fancies Caramelised Onion & Balsamic Vinegar Rice Crackers",
    "brand": "Peckish",
    "imageUrls": [
      "https://shop.coles.com.au/wcsstore/Coles-CAS/images/3/4/6/3468530.jpg"
    ],
    "storeId": "coles",
    "packageSize": "90g",
    "cupPrice": "$1.56 per 100G",
    "locations": {
      "VIC": { "price": 1.4, "discountRate": 50, "promo": "", "orgPrice": 2.8 },
      "SA": { "price": 1.4, "discountRate": 50, "promo": "", "orgPrice": 2.8 },
      "QLD": { "price": 1.4, "discountRate": 50, "promo": "", "orgPrice": 2.8 },
      "NSW": { "price": 1.4, "discountRate": 50, "promo": "", "orgPrice": 2.8 },
      "WA": { "price": 1.4, "discountRate": 50, "promo": "", "orgPrice": 2.8 },
      "TAS": { "price": 1.4, "discountRate": 50, "promo": "", "orgPrice": 2.8 },
      "ACT": { "price": 1.4, "discountRate": 50, "promo": "", "orgPrice": 2.8 },
      "NT": { "price": 1.47, "discountRate": 50, "promo": "", "orgPrice": 2.94 }
    },
    "categoryIds": ["c-pantry"],
    "similarProducts": []
  },
  {
    "id": "carmans-nut-bars--almond-hazel-vanilla",
    "name": "Almond Hazelnut & Vanilla Nut Bar 5 pack",
    "brand": "Carman's",
    "imageUrls": [
      "https://shop.coles.com.au/wcsstore/Coles-CAS/images/1/0/1/1018373.jpg"
    ],
    "storeId": "coles",
    "packageSize": "175g",
    "cupPrice": "$1.71 per 100G",
    "locations": {
      "VIC": { "price": 3, "discountRate": 50, "promo": "", "orgPrice": 6 },
      "SA": { "price": 3, "discountRate": 50, "promo": "", "orgPrice": 6 },
      "QLD": { "price": 3, "discountRate": 50, "promo": "", "orgPrice": 6 },
      "NSW": { "price": 3, "discountRate": 50, "promo": "", "orgPrice": 6 },
      "WA": { "price": 3, "discountRate": 50, "promo": "", "orgPrice": 6 },
      "TAS": { "price": 3, "discountRate": 50, "promo": "", "orgPrice": 6 },
      "ACT": { "price": 3, "discountRate": 50, "promo": "", "orgPrice": 6 },
      "NT": { "price": 3.15, "discountRate": 50, "promo": "", "orgPrice": 6.3 }
    },
    "categoryIds": ["c-pantry"],
    "similarProducts": []
  },
  {
    "id": "carmans-muesli-bars-classic-fruit-6-pack",
    "name": "Classic Fruit & Nut Muesli Bars 6 pack",
    "brand": "Carman's",
    "imageUrls": [
      "https://shop.coles.com.au/wcsstore/Coles-CAS/images/9/4/6/9460520.jpg"
    ],
    "storeId": "coles",
    "packageSize": "270g",
    "cupPrice": "$1.11 per 100G",
    "locations": {
      "VIC": { "price": 3, "discountRate": 50, "promo": "", "orgPrice": 6 },
      "SA": { "price": 3, "discountRate": 50, "promo": "", "orgPrice": 6 },
      "QLD": { "price": 3, "discountRate": 50, "promo": "", "orgPrice": 6 },
      "NSW": { "price": 3, "discountRate": 50, "promo": "", "orgPrice": 6 },
      "WA": { "price": 3, "discountRate": 50, "promo": "", "orgPrice": 6 },
      "TAS": { "price": 3, "discountRate": 45, "promo": "", "orgPrice": 5.5 },
      "ACT": { "price": 3, "discountRate": 50, "promo": "", "orgPrice": 6 },
      "NT": { "price": 3.15, "discountRate": 48, "promo": "", "orgPrice": 6 }
    },
    "categoryIds": ["c-pantry"],
    "similarProducts": []
  },
  {
    "id": "carmans-coconut-yoghurt-roasted-nut-gourmet-protein",
    "name": "Coconut Yoghurt & Roasted Nut Gourmet Protein Bars 5 pack",
    "brand": "Carman's",
    "imageUrls": [
      "https://shop.coles.com.au/wcsstore/Coles-CAS/images/2/7/9/2795542.jpg"
    ],
    "storeId": "coles",
    "packageSize": "200g",
    "cupPrice": "$1.58 per 100G",
    "locations": {
      "VIC": {
        "price": 3.15,
        "discountRate": 50,
        "promo": "",
        "orgPrice": 6.3
      },
      "SA": { "price": 3.15, "discountRate": 50, "promo": "", "orgPrice": 6.3 },
      "QLD": {
        "price": 3.15,
        "discountRate": 50,
        "promo": "",
        "orgPrice": 6.3
      },
      "NSW": {
        "price": 3.15,
        "discountRate": 50,
        "promo": "",
        "orgPrice": 6.3
      },
      "WA": { "price": 3.15, "discountRate": 50, "promo": "", "orgPrice": 6.3 },
      "TAS": {
        "price": 3.15,
        "discountRate": 50,
        "promo": "",
        "orgPrice": 6.3
      },
      "ACT": {
        "price": 3.15,
        "discountRate": 50,
        "promo": "",
        "orgPrice": 6.3
      },
      "NT": { "price": 3.31, "discountRate": 50, "promo": "", "orgPrice": 6.62 }
    },
    "categoryIds": ["c-pantry"],
    "similarProducts": []
  },
  {
    "id": "john-west-tempters-tuna-zesty-vinaigrette",
    "name": "Tempters Zesty Vinaigrette Tuna",
    "brand": "John West",
    "imageUrls": [
      "https://shop.coles.com.au/wcsstore/Coles-CAS/images/6/0/4/6044097.jpg"
    ],
    "storeId": "coles",
    "packageSize": "95g",
    "cupPrice": "$12.11 per 1Kg",
    "locations": {
      "VIC": {
        "price": 1.15,
        "discountRate": 50,
        "promo": "",
        "orgPrice": 2.3
      },
      "SA": { "price": 1.15, "discountRate": 50, "promo": "", "orgPrice": 2.3 },
      "QLD": {
        "price": 1.15,
        "discountRate": 50,
        "promo": "",
        "orgPrice": 2.3
      },
      "NSW": {
        "price": 1.15,
        "discountRate": 50,
        "promo": "",
        "orgPrice": 2.3
      },
      "WA": { "price": 1.15, "discountRate": 50, "promo": "", "orgPrice": 2.3 },
      "TAS": {
        "price": 1.15,
        "discountRate": 50,
        "promo": "",
        "orgPrice": 2.3
      },
      "ACT": {
        "price": 1.15,
        "discountRate": 50,
        "promo": "",
        "orgPrice": 2.3
      },
      "NT": { "price": 1.15, "discountRate": 52, "promo": "", "orgPrice": 2.42 }
    },
    "categoryIds": ["c-pantry"],
    "similarProducts": []
  },
  {
    "id": "john-west-tempters-tuna-lemon-cracked-pepper",
    "name": "Tempters Lemon & Cracked Pepper Tuna",
    "brand": "John West",
    "imageUrls": [
      "https://shop.coles.com.au/wcsstore/Coles-CAS/images/6/0/4/6041113.jpg"
    ],
    "storeId": "coles",
    "packageSize": "95g",
    "cupPrice": "$12.11 per 1Kg",
    "locations": {
      "VIC": {
        "price": 1.15,
        "discountRate": 50,
        "promo": "",
        "orgPrice": 2.3
      },
      "SA": { "price": 1.15, "discountRate": 50, "promo": "", "orgPrice": 2.3 },
      "QLD": {
        "price": 1.15,
        "discountRate": 50,
        "promo": "",
        "orgPrice": 2.3
      },
      "NSW": {
        "price": 1.15,
        "discountRate": 50,
        "promo": "",
        "orgPrice": 2.3
      },
      "WA": { "price": 1.15, "discountRate": 50, "promo": "", "orgPrice": 2.3 },
      "TAS": {
        "price": 1.15,
        "discountRate": 50,
        "promo": "",
        "orgPrice": 2.3
      },
      "ACT": {
        "price": 1.15,
        "discountRate": 50,
        "promo": "",
        "orgPrice": 2.3
      },
      "NT": { "price": 1.15, "discountRate": 52, "promo": "", "orgPrice": 2.42 }
    },
    "categoryIds": ["c-pantry"],
    "similarProducts": []
  },
  {
    "id": "cadbury-time-out-chocolate-bar",
    "name": "Time Out Chocolate Bar",
    "brand": "Cadbury",
    "imageUrls": [
      "https://shop.coles.com.au/wcsstore/Coles-CAS/images/8/6/8/86866.jpg"
    ],
    "storeId": "coles",
    "packageSize": "40g",
    "cupPrice": "$2.13 per 100G",
    "categoryIds": ["c-pantry"],
    "similarProducts": [],
    "locations": {
      "ALL": { "price": 0.85, "discountRate": 58, "promo": "", "orgPrice": 2 }
    }
  },
  {
    "id": "cadbury-flake-chocolate-bar",
    "name": "Flake Chocolate Bar",
    "brand": "Cadbury",
    "imageUrls": [
      "https://shop.coles.com.au/wcsstore/Coles-CAS/images/1/3/6/136487.jpg"
    ],
    "storeId": "coles",
    "packageSize": "30g",
    "cupPrice": "$2.83 per 100G",
    "locations": {
      "VIC": { "price": 0.85, "discountRate": 58, "promo": "", "orgPrice": 2 },
      "SA": { "price": 0.85, "discountRate": 58, "promo": "", "orgPrice": 2 },
      "QLD": { "price": 0.85, "discountRate": 58, "promo": "", "orgPrice": 2 },
      "NSW": { "price": 0.85, "discountRate": 58, "promo": "", "orgPrice": 2 },
      "WA": { "price": 0.85, "discountRate": 58, "promo": "", "orgPrice": 2 },
      "TAS": { "price": 0.85, "discountRate": 58, "promo": "", "orgPrice": 2 },
      "ACT": { "price": 0.85, "discountRate": 58, "promo": "", "orgPrice": 2 },
      "NT": { "price": 0.85, "discountRate": 60, "promo": "", "orgPrice": 2.1 }
    },
    "categoryIds": ["c-pantry"],
    "similarProducts": []
  },
  {
    "id": "cadbury-marvellous-creations-chocolate-jelly-popping-candy-beanies-9186065p",
    "name": "Marvellous Creations Jelly Popping Candy Beanies Chocolate Bar",
    "brand": "Cadbury",
    "imageUrls": [
      "https://shop.coles.com.au/wcsstore/Coles-CAS/images/9/1/8/9186065.jpg"
    ],
    "storeId": "coles",
    "packageSize": "50g",
    "cupPrice": "$1.70 per 100G",
    "categoryIds": ["c-pantry"],
    "similarProducts": [],
    "locations": {
      "ALL": { "price": 0.85, "discountRate": 58, "promo": "", "orgPrice": 2 }
    }
  },
  {
    "id": "carmans-golden-oats-coconut-oat-slice",
    "name": "Golden Oats & Coconut Oat Slice",
    "brand": "Carman's",
    "imageUrls": [
      "https://shop.coles.com.au/wcsstore/Coles-CAS/images/2/3/9/2392488.jpg"
    ],
    "storeId": "coles",
    "packageSize": "210g",
    "cupPrice": "$1.43 per 100G",
    "locations": {
      "VIC": { "price": 3, "discountRate": 50, "promo": "", "orgPrice": 6 },
      "SA": { "price": 3, "discountRate": 50, "promo": "", "orgPrice": 6 },
      "QLD": { "price": 3, "discountRate": 50, "promo": "", "orgPrice": 6 },
      "NSW": { "price": 3, "discountRate": 50, "promo": "", "orgPrice": 6 },
      "WA": { "price": 3, "discountRate": 50, "promo": "", "orgPrice": 6 },
      "TAS": { "price": 3, "discountRate": 50, "promo": "", "orgPrice": 6 },
      "ACT": { "price": 3, "discountRate": 50, "promo": "", "orgPrice": 6 },
      "NT": { "price": 3.15, "discountRate": 50, "promo": "", "orgPrice": 6.3 }
    },
    "categoryIds": ["c-pantry"],
    "similarProducts": []
  },
  {
    "id": "carmans-salted-drk-choc-almnd",
    "name": "Salted Dark Choc & Almond Gourmet Protein Bars 5 pack",
    "brand": "Carman's",
    "imageUrls": [
      "https://shop.coles.com.au/wcsstore/Coles-CAS/images/3/0/2/3022961.jpg"
    ],
    "storeId": "coles",
    "packageSize": "200g",
    "cupPrice": "$1.58 per 100G",
    "locations": {
      "VIC": {
        "price": 3.15,
        "discountRate": 50,
        "promo": "",
        "orgPrice": 6.3
      },
      "SA": { "price": 3.15, "discountRate": 50, "promo": "", "orgPrice": 6.3 },
      "QLD": {
        "price": 3.15,
        "discountRate": 50,
        "promo": "",
        "orgPrice": 6.3
      },
      "NSW": {
        "price": 3.15,
        "discountRate": 50,
        "promo": "",
        "orgPrice": 6.3
      },
      "WA": { "price": 3.15, "discountRate": 50, "promo": "", "orgPrice": 6.3 },
      "TAS": {
        "price": 3.15,
        "discountRate": 50,
        "promo": "",
        "orgPrice": 6.3
      },
      "ACT": {
        "price": 3.15,
        "discountRate": 50,
        "promo": "",
        "orgPrice": 6.3
      },
      "NT": { "price": 3.31, "discountRate": 50, "promo": "", "orgPrice": 6.62 }
    },
    "categoryIds": ["c-pantry"],
    "similarProducts": []
  },
  {
    "id": "john-west-tempters-tuna-mayonnaise-corn",
    "name": "Tempters Tuna Sweet Corn & Mayonnaise",
    "brand": "John West",
    "imageUrls": [
      "https://shop.coles.com.au/wcsstore/Coles-CAS/images/6/6/5/6658510.jpg"
    ],
    "storeId": "coles",
    "packageSize": "95g",
    "cupPrice": "$12.11 per 1Kg",
    "locations": {
      "VIC": {
        "price": 1.15,
        "discountRate": 50,
        "promo": "",
        "orgPrice": 2.3
      },
      "SA": { "price": 1.15, "discountRate": 50, "promo": "", "orgPrice": 2.3 },
      "QLD": {
        "price": 1.15,
        "discountRate": 50,
        "promo": "",
        "orgPrice": 2.3
      },
      "NSW": {
        "price": 1.15,
        "discountRate": 50,
        "promo": "",
        "orgPrice": 2.3
      },
      "WA": { "price": 1.15, "discountRate": 50, "promo": "", "orgPrice": 2.3 },
      "TAS": {
        "price": 1.15,
        "discountRate": 50,
        "promo": "",
        "orgPrice": 2.3
      },
      "ACT": {
        "price": 1.15,
        "discountRate": 50,
        "promo": "",
        "orgPrice": 2.3
      },
      "NT": { "price": 1.15, "discountRate": 52, "promo": "", "orgPrice": 2.42 }
    },
    "categoryIds": ["c-pantry"],
    "similarProducts": []
  },
  {
    "id": "kelloggs-cereal-sultana-bran",
    "name": "Sultana Bran Cereal",
    "brand": "Kellogg's",
    "imageUrls": [
      "https://shop.coles.com.au/wcsstore/Coles-CAS/images/8/4/9/8495905.jpg"
    ],
    "storeId": "coles",
    "packageSize": "730g",
    "cupPrice": "$0.51 per 100G",
    "locations": {
      "VIC": {
        "price": 3.75,
        "discountRate": 50,
        "promo": "",
        "orgPrice": 7.5
      },
      "SA": { "price": 3.75, "discountRate": 50, "promo": "", "orgPrice": 7.5 },
      "QLD": {
        "price": 3.75,
        "discountRate": 50,
        "promo": "",
        "orgPrice": 7.5
      },
      "NSW": {
        "price": 3.75,
        "discountRate": 50,
        "promo": "",
        "orgPrice": 7.5
      },
      "WA": { "price": 3.75, "discountRate": 50, "promo": "", "orgPrice": 7.5 },
      "TAS": {
        "price": 3.75,
        "discountRate": 50,
        "promo": "",
        "orgPrice": 7.5
      },
      "ACT": {
        "price": 3.75,
        "discountRate": 50,
        "promo": "",
        "orgPrice": 7.5
      },
      "NT": { "price": 3.94, "discountRate": 50, "promo": "", "orgPrice": 7.88 }
    },
    "categoryIds": ["c-pantry"],
    "similarProducts": []
  },
  {
    "id": "la-espanola-extra-virgin-olive-oil-3525995p",
    "name": "Extra Virgin Olive Oil",
    "brand": "La Espanola",
    "imageUrls": [
      "https://shop.coles.com.au/wcsstore/Coles-CAS/images/3/5/2/3525995.jpg"
    ],
    "storeId": "coles",
    "packageSize": "100mL",
    "cupPrice": "$1.50 per 100mL",
    "locations": {
      "VIC": { "price": 1.5, "discountRate": 50, "promo": "", "orgPrice": 3 },
      "QLD": { "price": 1.5, "discountRate": 50, "promo": "", "orgPrice": 3 },
      "NSW": { "price": 1.5, "discountRate": 50, "promo": "", "orgPrice": 3 },
      "WA": { "price": 1.5, "discountRate": 50, "promo": "", "orgPrice": 3 }
    },
    "categoryIds": ["c-pantry"],
    "similarProducts": []
  },
  {
    "id": "peckish-fancies-rice-cracker-cheese-chive",
    "name": "Gluten Free Fancies Aged Cheddar & Chives Flavoured Rice Crackers",
    "brand": "Peckish",
    "imageUrls": [
      "https://shop.coles.com.au/wcsstore/Coles-CAS/images/3/4/6/3468508.jpg"
    ],
    "storeId": "coles",
    "packageSize": "90g",
    "cupPrice": "$1.56 per 100G",
    "locations": {
      "VIC": { "price": 1.4, "discountRate": 50, "promo": "", "orgPrice": 2.8 },
      "SA": { "price": 1.4, "discountRate": 50, "promo": "", "orgPrice": 2.8 },
      "QLD": { "price": 1.4, "discountRate": 50, "promo": "", "orgPrice": 2.8 },
      "NSW": { "price": 1.4, "discountRate": 50, "promo": "", "orgPrice": 2.8 },
      "WA": { "price": 1.4, "discountRate": 50, "promo": "", "orgPrice": 2.8 },
      "TAS": { "price": 1.4, "discountRate": 50, "promo": "", "orgPrice": 2.8 },
      "ACT": { "price": 1.4, "discountRate": 50, "promo": "", "orgPrice": 2.8 },
      "NT": { "price": 1.47, "discountRate": 50, "promo": "", "orgPrice": 2.94 }
    },
    "categoryIds": ["c-pantry"],
    "similarProducts": []
  },
  {
    "id": "cadbury-boost-chocolate-bar",
    "name": "Boost Chocolate Bar",
    "brand": "Cadbury",
    "imageUrls": [
      "https://shop.coles.com.au/wcsstore/Coles-CAS/images/4/4/2/4425023.jpg"
    ],
    "storeId": "coles",
    "packageSize": "60g",
    "cupPrice": "$1.42 per 100G",
    "locations": {
      "VIC": { "price": 0.85, "discountRate": 58, "promo": "", "orgPrice": 2 },
      "SA": { "price": 0.85, "discountRate": 58, "promo": "", "orgPrice": 2 },
      "QLD": { "price": 0.85, "discountRate": 58, "promo": "", "orgPrice": 2 },
      "NSW": { "price": 0.85, "discountRate": 58, "promo": "", "orgPrice": 2 },
      "WA": { "price": 0.85, "discountRate": 58, "promo": "", "orgPrice": 2 },
      "TAS": { "price": 0.85, "discountRate": 58, "promo": "", "orgPrice": 2 },
      "ACT": { "price": 0.85, "discountRate": 58, "promo": "", "orgPrice": 2 },
      "NT": { "price": 0.85, "discountRate": 60, "promo": "", "orgPrice": 2.1 }
    },
    "categoryIds": ["c-pantry"],
    "similarProducts": []
  },
  {
    "id": "cadbury-picnic-chocolate-bar",
    "name": "Picnic Chocolate Bar",
    "brand": "Cadbury",
    "imageUrls": [
      "https://shop.coles.com.au/wcsstore/Coles-CAS/images/1/3/6/136556.jpg"
    ],
    "storeId": "coles",
    "packageSize": "46g",
    "cupPrice": "$1.85 per 100G",
    "locations": {
      "VIC": { "price": 0.85, "discountRate": 58, "promo": "", "orgPrice": 2 },
      "SA": { "price": 0.85, "discountRate": 58, "promo": "", "orgPrice": 2 },
      "QLD": { "price": 0.85, "discountRate": 58, "promo": "", "orgPrice": 2 },
      "NSW": { "price": 0.85, "discountRate": 58, "promo": "", "orgPrice": 2 },
      "WA": { "price": 0.85, "discountRate": 58, "promo": "", "orgPrice": 2 },
      "TAS": { "price": 0.85, "discountRate": 58, "promo": "", "orgPrice": 2 },
      "ACT": { "price": 0.85, "discountRate": 58, "promo": "", "orgPrice": 2 },
      "NT": { "price": 0.85, "discountRate": 60, "promo": "", "orgPrice": 2.1 }
    },
    "categoryIds": ["c-pantry"],
    "similarProducts": []
  },
  {
    "id": "cadbury-crunchie-chocolate-bar",
    "name": "Crunchie Chocolate bar",
    "brand": "Cadbury",
    "imageUrls": [
      "https://shop.coles.com.au/wcsstore/Coles-CAS/images/1/3/6/136523.jpg"
    ],
    "storeId": "coles",
    "packageSize": "50g",
    "cupPrice": "$1.70 per 100G",
    "locations": {
      "VIC": { "price": 0.85, "discountRate": 58, "promo": "", "orgPrice": 2 },
      "SA": { "price": 0.85, "discountRate": 58, "promo": "", "orgPrice": 2 },
      "QLD": { "price": 0.85, "discountRate": 58, "promo": "", "orgPrice": 2 },
      "NSW": { "price": 0.85, "discountRate": 58, "promo": "", "orgPrice": 2 },
      "WA": { "price": 0.85, "discountRate": 58, "promo": "", "orgPrice": 2 },
      "TAS": { "price": 0.85, "discountRate": 58, "promo": "", "orgPrice": 2 },
      "ACT": { "price": 0.85, "discountRate": 58, "promo": "", "orgPrice": 2 },
      "NT": { "price": 0.85, "discountRate": 60, "promo": "", "orgPrice": 2.1 }
    },
    "categoryIds": ["c-pantry"],
    "similarProducts": []
  },
  {
    "id": "carmans-muesli-bars-original-fruit-free-6-pack",
    "name": "Original Fruit Free Muesli Bars 6 pack",
    "brand": "Carman's",
    "imageUrls": [
      "https://shop.coles.com.au/wcsstore/Coles-CAS/images/9/4/6/9460462.jpg"
    ],
    "storeId": "coles",
    "packageSize": "270g",
    "cupPrice": "$1.11 per 100G",
    "locations": {
      "VIC": { "price": 3, "discountRate": 50, "promo": "", "orgPrice": 6 },
      "SA": { "price": 3, "discountRate": 50, "promo": "", "orgPrice": 6 },
      "QLD": { "price": 3, "discountRate": 50, "promo": "", "orgPrice": 6 },
      "NSW": { "price": 3, "discountRate": 50, "promo": "", "orgPrice": 6 },
      "WA": { "price": 3, "discountRate": 50, "promo": "", "orgPrice": 6 },
      "TAS": { "price": 3, "discountRate": 45, "promo": "", "orgPrice": 5.5 },
      "ACT": { "price": 3, "discountRate": 50, "promo": "", "orgPrice": 6 },
      "NT": { "price": 3.15, "discountRate": 48, "promo": "", "orgPrice": 6 }
    },
    "categoryIds": ["c-pantry"],
    "similarProducts": []
  },
  {
    "id": "carmans-super-berry-muesli-bars",
    "name": "Cranberry, Blueberry & Goji Super Berry Muesli Bars 6 pack",
    "brand": "Carman's",
    "imageUrls": [
      "https://shop.coles.com.au/wcsstore/Coles-CAS/images/2/3/9/2392502.jpg"
    ],
    "storeId": "coles",
    "packageSize": "270g",
    "cupPrice": "$1.11 per 100G",
    "locations": {
      "VIC": { "price": 3, "discountRate": 50, "promo": "", "orgPrice": 6 },
      "SA": { "price": 3, "discountRate": 50, "promo": "", "orgPrice": 6 },
      "QLD": { "price": 3, "discountRate": 50, "promo": "", "orgPrice": 6 },
      "NSW": { "price": 3, "discountRate": 50, "promo": "", "orgPrice": 6 },
      "WA": { "price": 3, "discountRate": 50, "promo": "", "orgPrice": 6 },
      "TAS": { "price": 3, "discountRate": 50, "promo": "", "orgPrice": 6 },
      "ACT": { "price": 3, "discountRate": 50, "promo": "", "orgPrice": 6 },
      "NT": { "price": 3.15, "discountRate": 50, "promo": "", "orgPrice": 6.3 }
    },
    "categoryIds": ["c-pantry"],
    "similarProducts": []
  },
  {
    "id": "john-west-tempters-tuna-sweet-chilli",
    "name": "Tempters Sweet Chilli Tuna",
    "brand": "John West",
    "imageUrls": [
      "https://shop.coles.com.au/wcsstore/Coles-CAS/images/8/5/8/8582395.jpg"
    ],
    "storeId": "coles",
    "packageSize": "95g",
    "cupPrice": "$12.11 per 1Kg",
    "locations": {
      "VIC": {
        "price": 1.15,
        "discountRate": 50,
        "promo": "",
        "orgPrice": 2.3
      },
      "SA": { "price": 1.15, "discountRate": 50, "promo": "", "orgPrice": 2.3 },
      "QLD": {
        "price": 1.15,
        "discountRate": 50,
        "promo": "",
        "orgPrice": 2.3
      },
      "NSW": {
        "price": 1.15,
        "discountRate": 50,
        "promo": "",
        "orgPrice": 2.3
      },
      "WA": { "price": 1.15, "discountRate": 50, "promo": "", "orgPrice": 2.3 },
      "TAS": {
        "price": 1.15,
        "discountRate": 50,
        "promo": "",
        "orgPrice": 2.3
      },
      "ACT": {
        "price": 1.15,
        "discountRate": 50,
        "promo": "",
        "orgPrice": 2.3
      },
      "NT": { "price": 1.15, "discountRate": 52, "promo": "", "orgPrice": 2.42 }
    },
    "categoryIds": ["c-pantry"],
    "similarProducts": []
  },
  {
    "id": "john-west-tempters-tuna-onion-tomato-light",
    "name": "Tempters Onion & Tomato Light Tuna",
    "brand": "John West",
    "imageUrls": [
      "https://shop.coles.com.au/wcsstore/Coles-CAS/images/4/9/2/4925004.jpg"
    ],
    "storeId": "coles",
    "packageSize": "95g",
    "cupPrice": "$12.11 per 1Kg",
    "locations": {
      "VIC": {
        "price": 1.15,
        "discountRate": 50,
        "promo": "",
        "orgPrice": 2.3
      },
      "SA": { "price": 1.15, "discountRate": 50, "promo": "", "orgPrice": 2.3 },
      "QLD": {
        "price": 1.15,
        "discountRate": 50,
        "promo": "",
        "orgPrice": 2.3
      },
      "NSW": {
        "price": 1.15,
        "discountRate": 50,
        "promo": "",
        "orgPrice": 2.3
      },
      "WA": { "price": 1.15, "discountRate": 50, "promo": "", "orgPrice": 2.3 },
      "TAS": {
        "price": 1.15,
        "discountRate": 50,
        "promo": "",
        "orgPrice": 2.3
      },
      "ACT": {
        "price": 1.15,
        "discountRate": 50,
        "promo": "",
        "orgPrice": 2.3
      },
      "NT": { "price": 1.15, "discountRate": 52, "promo": "", "orgPrice": 2.42 }
    },
    "categoryIds": ["c-pantry"],
    "similarProducts": []
  },
  {
    "id": "robert-timms-coffee-bags-italian-espresso-style-4965756p",
    "name": "Italian Espresso Style Coffee Bags 28 Pack",
    "brand": "Robert Timms",
    "imageUrls": [
      "https://shop.coles.com.au/wcsstore/Coles-CAS/images/4/9/6/4965756.jpg"
    ],
    "storeId": "coles",
    "packageSize": "160g",
    "cupPrice": "$30.13 per 1KG",
    "locations": {
      "VIC": {
        "price": 4.82,
        "discountRate": 50,
        "promo": "",
        "orgPrice": 9.65
      },
      "SA": {
        "price": 4.82,
        "discountRate": 50,
        "promo": "",
        "orgPrice": 9.65
      },
      "QLD": {
        "price": 4.82,
        "discountRate": 50,
        "promo": "",
        "orgPrice": 9.65
      },
      "NSW": {
        "price": 4.82,
        "discountRate": 50,
        "promo": "",
        "orgPrice": 9.65
      },
      "WA": {
        "price": 4.82,
        "discountRate": 50,
        "promo": "",
        "orgPrice": 9.65
      },
      "TAS": {
        "price": 4.82,
        "discountRate": 50,
        "promo": "",
        "orgPrice": 9.65
      },
      "ACT": {
        "price": 4.82,
        "discountRate": 50,
        "promo": "",
        "orgPrice": 9.65
      },
      "NT": {
        "price": 5.06,
        "discountRate": 50,
        "promo": "",
        "orgPrice": 10.129999999999999
      }
    },
    "categoryIds": ["c-pantry", "c-drinks"],
    "similarProducts": []
  },
  {
    "id": "sunrice-thai-hom-mali-jasmine-white-rice",
    "name": "Jasmine Fragrant Rice",
    "brand": "Sunrice",
    "imageUrls": [
      "https://shop.coles.com.au/wcsstore/Coles-CAS/images/4/3/6/4363786.jpg"
    ],
    "storeId": "coles",
    "packageSize": "5kg",
    "cupPrice": "$0.20 per 100G",
    "locations": {
      "VIC": { "price": 10, "discountRate": 50, "promo": "", "orgPrice": 20 },
      "SA": { "price": 10, "discountRate": 50, "promo": "", "orgPrice": 20 },
      "QLD": { "price": 10, "discountRate": 50, "promo": "", "orgPrice": 20 },
      "NSW": { "price": 10, "discountRate": 50, "promo": "", "orgPrice": 20 },
      "WA": { "price": 10, "discountRate": 50, "promo": "", "orgPrice": 20 },
      "TAS": {
        "price": 10,
        "discountRate": 33,
        "promo": "",
        "orgPrice": 14.85
      },
      "ACT": { "price": 10, "discountRate": 50, "promo": "", "orgPrice": 20 },
      "NT": { "price": 10.5, "discountRate": 50, "promo": "", "orgPrice": 21 }
    },
    "categoryIds": ["c-pantry"],
    "similarProducts": []
  },
  {
    "id": "cadbury-chunky-dairy-milk-chocolate-bar",
    "name": "Dairy Milk Chunky Chocolate Bar",
    "brand": "Cadbury",
    "imageUrls": [
      "https://shop.coles.com.au/wcsstore/Coles-CAS/images/5/0/7/5072665.jpg"
    ],
    "storeId": "coles",
    "packageSize": "50g",
    "cupPrice": "$1.70 per 100G",
    "locations": {
      "VIC": { "price": 0.85, "discountRate": 58, "promo": "", "orgPrice": 2 },
      "SA": { "price": 0.85, "discountRate": 58, "promo": "", "orgPrice": 2 },
      "QLD": { "price": 0.85, "discountRate": 58, "promo": "", "orgPrice": 2 },
      "NSW": { "price": 0.85, "discountRate": 58, "promo": "", "orgPrice": 2 },
      "WA": { "price": 0.85, "discountRate": 58, "promo": "", "orgPrice": 2 },
      "TAS": { "price": 0.85, "discountRate": 58, "promo": "", "orgPrice": 2 },
      "ACT": { "price": 0.85, "discountRate": 58, "promo": "", "orgPrice": 2 },
      "NT": { "price": 0.85, "discountRate": 60, "promo": "", "orgPrice": 2.1 }
    },
    "categoryIds": ["c-pantry"],
    "similarProducts": []
  },
  {
    "id": "cadbury-cherry-ripe-double-dip",
    "name": "Cherry Ripe Double Dip Chocolate Bar",
    "brand": "Cadbury",
    "imageUrls": [
      "https://shop.coles.com.au/wcsstore/Coles-CAS/images/2/4/2/2427185.jpg"
    ],
    "storeId": "coles",
    "packageSize": "47g",
    "cupPrice": "$1.81 per 100G",
    "locations": {
      "VIC": { "price": 0.85, "discountRate": 58, "promo": "", "orgPrice": 2 },
      "SA": { "price": 0.85, "discountRate": 58, "promo": "", "orgPrice": 2 },
      "QLD": { "price": 0.85, "discountRate": 58, "promo": "", "orgPrice": 2 },
      "NSW": { "price": 0.85, "discountRate": 58, "promo": "", "orgPrice": 2 },
      "WA": { "price": 0.85, "discountRate": 58, "promo": "", "orgPrice": 2 },
      "TAS": { "price": 0.85, "discountRate": 58, "promo": "", "orgPrice": 2 },
      "ACT": { "price": 0.85, "discountRate": 58, "promo": "", "orgPrice": 2 },
      "NT": { "price": 0.85, "discountRate": 60, "promo": "", "orgPrice": 2.1 }
    },
    "categoryIds": ["c-pantry"],
    "similarProducts": []
  },
  {
    "id": "cadbury-chocolate-dream",
    "name": "Dream White Chocolate Bar",
    "brand": "Cadbury",
    "imageUrls": [
      "https://shop.coles.com.au/wcsstore/Coles-CAS/images/8/8/8/8885965.jpg"
    ],
    "storeId": "coles",
    "packageSize": "50g",
    "cupPrice": "$1.70 per 100G",
    "categoryIds": ["c-pantry"],
    "similarProducts": [],
    "locations": {
      "ALL": { "price": 0.85, "discountRate": 58, "promo": "", "orgPrice": 2 }
    }
  },
  {
    "id": "cadbury-bars-dairy-milk-hazelnut",
    "name": "Dairy Milk Hazelnut Chocolate Bar",
    "brand": "Cadbury",
    "imageUrls": [
      "https://shop.coles.com.au/wcsstore/Coles-CAS/images/3/4/0/3404786.jpg"
    ],
    "storeId": "coles",
    "packageSize": "55g",
    "cupPrice": "$1.55 per 100G",
    "locations": {
      "VIC": { "price": 0.85, "discountRate": 58, "promo": "", "orgPrice": 2 },
      "SA": { "price": 0.85, "discountRate": 58, "promo": "", "orgPrice": 2 },
      "QLD": { "price": 0.85, "discountRate": 58, "promo": "", "orgPrice": 2 },
      "NSW": { "price": 0.85, "discountRate": 58, "promo": "", "orgPrice": 2 },
      "WA": { "price": 0.85, "discountRate": 58, "promo": "", "orgPrice": 2 },
      "TAS": { "price": 0.85, "discountRate": 58, "promo": "", "orgPrice": 2 },
      "ACT": { "price": 0.85, "discountRate": 58, "promo": "", "orgPrice": 2 },
      "NT": { "price": 0.85, "discountRate": 60, "promo": "", "orgPrice": 2.1 }
    },
    "categoryIds": ["c-pantry"],
    "similarProducts": []
  },
  {
    "id": "cadbury-marvellous-creations-birthday-cake",
    "name": "Marvellous Creations Birthday Cake",
    "brand": "Cadbury",
    "imageUrls": [
      "https://shop.coles.com.au/wcsstore/Coles-CAS/images/3/7/7/3776361.jpg"
    ],
    "storeId": "coles",
    "packageSize": "50g",
    "cupPrice": "$1.70 per 100G",
    "locations": {
      "VIC": { "price": 0.85, "discountRate": 58, "promo": "", "orgPrice": 2 },
      "SA": { "price": 0.85, "discountRate": 58, "promo": "", "orgPrice": 2 },
      "QLD": { "price": 0.85, "discountRate": 58, "promo": "", "orgPrice": 2 },
      "NSW": { "price": 0.85, "discountRate": 58, "promo": "", "orgPrice": 2 },
      "WA": { "price": 0.85, "discountRate": 58, "promo": "", "orgPrice": 2 },
      "TAS": { "price": 0.85, "discountRate": 58, "promo": "", "orgPrice": 2 },
      "ACT": { "price": 0.85, "discountRate": 58, "promo": "", "orgPrice": 2 },
      "NT": { "price": 0.85, "discountRate": 60, "promo": "", "orgPrice": 2.1 }
    },
    "categoryIds": ["c-pantry"],
    "similarProducts": []
  },
  {
    "id": "carmans-dark-choc-macadamia-coconut",
    "name": "Dark Choc Macadamia & Coconut Nut Bar 5 pack",
    "brand": "Carman's",
    "imageUrls": [
      "https://shop.coles.com.au/wcsstore/Coles-CAS/images/3/0/2/3022892.jpg"
    ],
    "storeId": "coles",
    "packageSize": "160g",
    "cupPrice": "$1.88 per 100G",
    "locations": {
      "VIC": { "price": 3, "discountRate": 50, "promo": "", "orgPrice": 6 },
      "SA": { "price": 3, "discountRate": 50, "promo": "", "orgPrice": 6 },
      "QLD": { "price": 3, "discountRate": 50, "promo": "", "orgPrice": 6 },
      "NSW": { "price": 3, "discountRate": 50, "promo": "", "orgPrice": 6 },
      "WA": { "price": 3, "discountRate": 50, "promo": "", "orgPrice": 6 },
      "TAS": { "price": 3, "discountRate": 50, "promo": "", "orgPrice": 6 },
      "ACT": { "price": 3, "discountRate": 50, "promo": "", "orgPrice": 6 },
      "NT": { "price": 3.15, "discountRate": 50, "promo": "", "orgPrice": 6.3 }
    },
    "categoryIds": ["c-pantry"],
    "similarProducts": []
  },
  {
    "id": "darrell-lea-milk-block-raspberry-rocklea-road",
    "name": "Milk Chocolate Raspberry Rocklea Road Block",
    "brand": "Darrell Lea",
    "imageUrls": [
      "https://shop.coles.com.au/wcsstore/Coles-CAS/images/3/7/5/3759635.jpg"
    ],
    "storeId": "coles",
    "packageSize": "180g",
    "cupPrice": "$1.39 per 100G",
    "locations": {
      "VIC": { "price": 2.5, "discountRate": 50, "promo": "", "orgPrice": 5 },
      "SA": { "price": 2.5, "discountRate": 50, "promo": "", "orgPrice": 5 },
      "QLD": { "price": 2.5, "discountRate": 50, "promo": "", "orgPrice": 5 },
      "NSW": { "price": 2.5, "discountRate": 50, "promo": "", "orgPrice": 5 },
      "WA": { "price": 2.5, "discountRate": 50, "promo": "", "orgPrice": 5 },
      "TAS": { "price": 2.5, "discountRate": 50, "promo": "", "orgPrice": 5 },
      "ACT": { "price": 2.5, "discountRate": 50, "promo": "", "orgPrice": 5 },
      "NT": { "price": 2.62, "discountRate": 50, "promo": "", "orgPrice": 5.25 }
    },
    "categoryIds": ["c-pantry"],
    "similarProducts": []
  },
  {
    "id": "doritos-wasabi-corn-chips",
    "name": "Cheese Burger Corn Chips",
    "brand": "Doritos",
    "imageUrls": [
      "https://shop.coles.com.au/wcsstore/Coles-CAS/images/3/5/6/3568310.jpg"
    ],
    "storeId": "coles",
    "packageSize": "150g",
    "cupPrice": "$1.17 per 100G",
    "locations": {
      "VIC": {
        "price": 1.75,
        "discountRate": 50,
        "promo": "",
        "orgPrice": 3.5
      },
      "SA": { "price": 1.75, "discountRate": 50, "promo": "", "orgPrice": 3.5 },
      "NSW": {
        "price": 1.75,
        "discountRate": 50,
        "promo": "",
        "orgPrice": 3.5
      },
      "TAS": {
        "price": 1.75,
        "discountRate": 50,
        "promo": "",
        "orgPrice": 3.5
      },
      "ACT": {
        "price": 1.75,
        "discountRate": 50,
        "promo": "",
        "orgPrice": 3.5
      },
      "NT": {
        "price": 1.75,
        "discountRate": 52,
        "promo": "",
        "orgPrice": 3.6799999999999997
      }
    },
    "categoryIds": ["c-pantry"],
    "similarProducts": []
  },
  {
    "id": "europe-bars-sesame-bar",
    "name": "Sesame Bar",
    "brand": "Europe",
    "imageUrls": [
      "https://shop.coles.com.au/wcsstore/Coles-CAS/images/6/7/8/67883.jpg"
    ],
    "storeId": "coles",
    "packageSize": "45g",
    "cupPrice": "$1.89 per 100G",
    "locations": {
      "VIC": { "price": 0.85, "discountRate": 58, "promo": "", "orgPrice": 2 },
      "SA": { "price": 0.85, "discountRate": 58, "promo": "", "orgPrice": 2 },
      "QLD": { "price": 0.85, "discountRate": 58, "promo": "", "orgPrice": 2 },
      "NSW": { "price": 0.85, "discountRate": 58, "promo": "", "orgPrice": 2 },
      "WA": { "price": 0.85, "discountRate": 58, "promo": "", "orgPrice": 2 },
      "TAS": { "price": 0.85, "discountRate": 58, "promo": "", "orgPrice": 2 },
      "ACT": { "price": 0.85, "discountRate": 58, "promo": "", "orgPrice": 2 },
      "NT": { "price": 0.85, "discountRate": 60, "promo": "", "orgPrice": 2.1 }
    },
    "categoryIds": ["c-pantry"],
    "similarProducts": []
  },
  {
    "id": "fantastic-noodles-bowl-beef",
    "name": "Beef Noodles Bowl",
    "brand": "Fantastic",
    "imageUrls": [
      "https://shop.coles.com.au/wcsstore/Coles-CAS/images/6/9/8/6988355.jpg"
    ],
    "storeId": "coles",
    "packageSize": "85g",
    "cupPrice": "$0.94 per 100G",
    "categoryIds": ["c-pantry"],
    "similarProducts": [],
    "locations": {
      "ALL": { "price": 0.8, "discountRate": 50, "promo": "", "orgPrice": 1.6 }
    }
  },
  {
    "id": "pringles-sweet-spicy-bbq-flavour-potato-chips",
    "name": "Limited Edition Potato Chips",
    "brand": "Pringles",
    "imageUrls": [
      "https://shop.coles.com.au/wcsstore/Coles-CAS/images/2/8/7/2871990.jpg"
    ],
    "storeId": "coles",
    "packageSize": "134g",
    "cupPrice": "$2.99 per 100G",
    "locations": {
      "VIC": {
        "price": 4,
        "discountRate": 50,
        "promo": "Any 3 $6",
        "orgPrice": 4
      },
      "SA": {
        "price": 4,
        "discountRate": 50,
        "promo": "Any 3 $6",
        "orgPrice": 4
      },
      "QLD": {
        "price": 4,
        "discountRate": 50,
        "promo": "Any 3 $6",
        "orgPrice": 4
      },
      "NSW": {
        "price": 4,
        "discountRate": 50,
        "promo": "Any 3 $6",
        "orgPrice": 4
      },
      "WA": {
        "price": 4,
        "discountRate": 50,
        "promo": "Any 3 $6",
        "orgPrice": 4
      },
      "TAS": {
        "price": 4,
        "discountRate": 50,
        "promo": "Any 3 $6",
        "orgPrice": 4
      },
      "ACT": {
        "price": 4,
        "discountRate": 50,
        "promo": "Any 3 $6",
        "orgPrice": 4
      },
      "NT": {
        "price": 4.2,
        "discountRate": 52,
        "promo": "Any 3 $6",
        "orgPrice": 4.2
      }
    },
    "categoryIds": ["c-pantry"],
    "similarProducts": []
  },
  {
    "id": "cadbury-bars-dairy-milk-peppermint",
    "name": "Dairy Milk Peppermint Chocolate Bar",
    "brand": "Cadbury",
    "imageUrls": [
      "https://shop.coles.com.au/wcsstore/Coles-CAS/images/3/5/0/3507519.jpg"
    ],
    "storeId": "coles",
    "packageSize": "55g",
    "cupPrice": "$1.55 per 100G",
    "locations": {
      "VIC": { "price": 0.85, "discountRate": 58, "promo": "", "orgPrice": 2 },
      "SA": { "price": 0.85, "discountRate": 58, "promo": "", "orgPrice": 2 },
      "QLD": { "price": 0.85, "discountRate": 58, "promo": "", "orgPrice": 2 },
      "NSW": { "price": 0.85, "discountRate": 58, "promo": "", "orgPrice": 2 },
      "WA": { "price": 0.85, "discountRate": 58, "promo": "", "orgPrice": 2 },
      "TAS": { "price": 0.85, "discountRate": 58, "promo": "", "orgPrice": 2 },
      "ACT": { "price": 0.85, "discountRate": 58, "promo": "", "orgPrice": 2 },
      "NT": { "price": 0.85, "discountRate": 60, "promo": "", "orgPrice": 2.1 }
    },
    "categoryIds": ["c-pantry"],
    "similarProducts": []
  },
  {
    "id": "carmans-nut-bars-almond-cashew-cranberry-5-pack",
    "name": "Almond Cashew & Cranberry Nut Bar 5 pack",
    "brand": "Carman's",
    "imageUrls": [
      "https://shop.coles.com.au/wcsstore/Coles-CAS/images/1/0/1/1018362.jpg"
    ],
    "storeId": "coles",
    "packageSize": "175g",
    "cupPrice": "$1.71 per 100G",
    "locations": {
      "VIC": { "price": 3, "discountRate": 50, "promo": "", "orgPrice": 6 },
      "SA": { "price": 3, "discountRate": 50, "promo": "", "orgPrice": 6 },
      "QLD": { "price": 3, "discountRate": 50, "promo": "", "orgPrice": 6 },
      "NSW": { "price": 3, "discountRate": 50, "promo": "", "orgPrice": 6 },
      "WA": { "price": 3, "discountRate": 50, "promo": "", "orgPrice": 6 },
      "TAS": { "price": 3, "discountRate": 50, "promo": "", "orgPrice": 6 },
      "ACT": { "price": 3, "discountRate": 50, "promo": "", "orgPrice": 6 },
      "NT": { "price": 3.15, "discountRate": 50, "promo": "", "orgPrice": 6.3 }
    },
    "categoryIds": ["c-pantry"],
    "similarProducts": []
  },
  {
    "id": "carmans-dark-choc-espresso-nut-bars-5-pack",
    "name": "Dark Choc Espresso Nut Bar 5 pack",
    "brand": "Carman's",
    "imageUrls": [
      "https://shop.coles.com.au/wcsstore/Coles-CAS/images/1/9/0/1905237.jpg"
    ],
    "storeId": "coles",
    "packageSize": "160g",
    "cupPrice": "$1.88 per 100G",
    "locations": {
      "VIC": { "price": 3, "discountRate": 50, "promo": "", "orgPrice": 6 },
      "SA": { "price": 3, "discountRate": 50, "promo": "", "orgPrice": 6 },
      "QLD": { "price": 3, "discountRate": 50, "promo": "", "orgPrice": 6 },
      "NSW": { "price": 3, "discountRate": 50, "promo": "", "orgPrice": 6 },
      "WA": { "price": 3, "discountRate": 50, "promo": "", "orgPrice": 6 },
      "TAS": { "price": 3, "discountRate": 50, "promo": "", "orgPrice": 6 },
      "ACT": { "price": 3, "discountRate": 50, "promo": "", "orgPrice": 6 },
      "NT": { "price": 3.15, "discountRate": 50, "promo": "", "orgPrice": 6.3 }
    },
    "categoryIds": ["c-pantry"],
    "similarProducts": []
  },
  {
    "id": "carmans-greek-style-yoghurt-blueberry-nut-bars-5-pack",
    "name": "Greek Style Yoghurt & Blueberry Nut Bars 5 pack",
    "brand": "Carman's",
    "imageUrls": [
      "https://shop.coles.com.au/wcsstore/Coles-CAS/images/1/9/0/1905248.jpg"
    ],
    "storeId": "coles",
    "packageSize": "160g",
    "cupPrice": "$1.88 per 100G",
    "locations": {
      "VIC": { "price": 3, "discountRate": 50, "promo": "", "orgPrice": 6 },
      "SA": { "price": 3, "discountRate": 50, "promo": "", "orgPrice": 6 },
      "QLD": { "price": 3, "discountRate": 50, "promo": "", "orgPrice": 6 },
      "NSW": { "price": 3, "discountRate": 50, "promo": "", "orgPrice": 6 },
      "WA": { "price": 3, "discountRate": 50, "promo": "", "orgPrice": 6 },
      "TAS": { "price": 3, "discountRate": 50, "promo": "", "orgPrice": 6 },
      "ACT": { "price": 3, "discountRate": 50, "promo": "", "orgPrice": 6 },
      "NT": { "price": 3.15, "discountRate": 50, "promo": "", "orgPrice": 6.3 }
    },
    "categoryIds": ["c-pantry"],
    "similarProducts": []
  },
  {
    "id": "carmans-protein-bar-cokies-cream",
    "name": "Cookies & Cream Protein Bars 5 Pack",
    "brand": "Carman's",
    "imageUrls": [
      "https://shop.coles.com.au/wcsstore/Coles-CAS/images/3/7/8/3786900.jpg"
    ],
    "storeId": "coles",
    "packageSize": "200g",
    "cupPrice": "$1.58 per 100G",
    "locations": {
      "VIC": {
        "price": 3.15,
        "discountRate": 50,
        "promo": "",
        "orgPrice": 6.3
      },
      "SA": { "price": 3.15, "discountRate": 50, "promo": "", "orgPrice": 6.3 },
      "QLD": {
        "price": 3.15,
        "discountRate": 50,
        "promo": "",
        "orgPrice": 6.3
      },
      "NSW": {
        "price": 3.15,
        "discountRate": 50,
        "promo": "",
        "orgPrice": 6.3
      },
      "WA": { "price": 3.15, "discountRate": 50, "promo": "", "orgPrice": 6.3 },
      "TAS": {
        "price": 3.15,
        "discountRate": 50,
        "promo": "",
        "orgPrice": 6.3
      },
      "ACT": {
        "price": 3.15,
        "discountRate": 50,
        "promo": "",
        "orgPrice": 6.3
      },
      "NT": { "price": 3.31, "discountRate": 50, "promo": "", "orgPrice": 6.62 }
    },
    "categoryIds": ["c-pantry"],
    "similarProducts": []
  },
  {
    "id": "fantastic-noodle-cup-crispy-bacon",
    "name": "Crispy Bacon Noodle Cup",
    "brand": "Fantastic",
    "imageUrls": [
      "https://shop.coles.com.au/wcsstore/Coles-CAS/images/6/0/4/6046740.jpg"
    ],
    "storeId": "coles",
    "packageSize": "70g",
    "cupPrice": "$1.14 per 100G",
    "categoryIds": ["c-pantry"],
    "similarProducts": [],
    "locations": {
      "ALL": { "price": 0.8, "discountRate": 50, "promo": "", "orgPrice": 1.6 }
    }
  },
  {
    "id": "john-west-tempters-tuna-mango-chilli",
    "name": "Tempters Mango Chilli Tuna",
    "brand": "John West",
    "imageUrls": [
      "https://shop.coles.com.au/wcsstore/Coles-CAS/images/5/2/6/5263889.jpg"
    ],
    "storeId": "coles",
    "packageSize": "95g",
    "cupPrice": "$12.11 per 1Kg",
    "locations": {
      "VIC": {
        "price": 1.15,
        "discountRate": 50,
        "promo": "",
        "orgPrice": 2.3
      },
      "SA": { "price": 1.15, "discountRate": 50, "promo": "", "orgPrice": 2.3 },
      "QLD": {
        "price": 1.15,
        "discountRate": 50,
        "promo": "",
        "orgPrice": 2.3
      },
      "NSW": {
        "price": 1.15,
        "discountRate": 50,
        "promo": "",
        "orgPrice": 2.3
      },
      "WA": { "price": 1.15, "discountRate": 50, "promo": "", "orgPrice": 2.3 },
      "TAS": {
        "price": 1.15,
        "discountRate": 50,
        "promo": "",
        "orgPrice": 2.3
      },
      "ACT": {
        "price": 1.15,
        "discountRate": 50,
        "promo": "",
        "orgPrice": 2.3
      },
      "NT": { "price": 1.15, "discountRate": 52, "promo": "", "orgPrice": 2.42 }
    },
    "categoryIds": ["c-pantry"],
    "similarProducts": []
  },
  {
    "id": "kelloggs-lcms-split-stix-yoghurty-rice-bubbles",
    "name": "LCMs Yoghurty Split Stix Puffed Rice Snack Bars 6 pack",
    "brand": "Kellogg's",
    "imageUrls": [
      "https://shop.coles.com.au/wcsstore/Coles-CAS/images/6/6/4/6642805.jpg"
    ],
    "storeId": "coles",
    "packageSize": "138g",
    "cupPrice": "$1.45 per 100G",
    "locations": {
      "VIC": { "price": 2, "discountRate": 50, "promo": "", "orgPrice": 4 },
      "SA": { "price": 2, "discountRate": 50, "promo": "", "orgPrice": 4 },
      "QLD": { "price": 2, "discountRate": 50, "promo": "", "orgPrice": 4 },
      "NSW": { "price": 2, "discountRate": 50, "promo": "", "orgPrice": 4 },
      "WA": { "price": 2, "discountRate": 50, "promo": "", "orgPrice": 4 },
      "TAS": { "price": 2, "discountRate": 50, "promo": "", "orgPrice": 4 },
      "ACT": { "price": 2, "discountRate": 50, "promo": "", "orgPrice": 4 },
      "NT": { "price": 2.1, "discountRate": 50, "promo": "", "orgPrice": 4.2 }
    },
    "categoryIds": ["c-pantry"],
    "similarProducts": []
  },
  {
    "id": "robert-timms-coffee-bags-mocha-kenya-style",
    "name": "Mocha Kenya Style Coffee Bags 28 pack",
    "brand": "Robert Timms",
    "imageUrls": [
      "https://shop.coles.com.au/wcsstore/Coles-CAS/images/5/6/9/5698633.jpg"
    ],
    "storeId": "coles",
    "packageSize": "160g",
    "cupPrice": "$0.03 per 1G",
    "locations": {
      "VIC": {
        "price": 4.82,
        "discountRate": 50,
        "promo": "",
        "orgPrice": 9.65
      },
      "SA": {
        "price": 4.82,
        "discountRate": 50,
        "promo": "",
        "orgPrice": 9.65
      },
      "QLD": {
        "price": 4.82,
        "discountRate": 50,
        "promo": "",
        "orgPrice": 9.65
      },
      "NSW": {
        "price": 4.82,
        "discountRate": 50,
        "promo": "",
        "orgPrice": 9.65
      },
      "WA": {
        "price": 4.82,
        "discountRate": 50,
        "promo": "",
        "orgPrice": 9.65
      },
      "TAS": {
        "price": 4.82,
        "discountRate": 50,
        "promo": "",
        "orgPrice": 9.65
      },
      "ACT": {
        "price": 4.82,
        "discountRate": 50,
        "promo": "",
        "orgPrice": 9.65
      },
      "NT": {
        "price": 5.06,
        "discountRate": 50,
        "promo": "",
        "orgPrice": 10.129999999999999
      }
    },
    "categoryIds": ["c-pantry", "c-drinks"],
    "similarProducts": []
  },
  {
    "id": "robert-timms-gold-colombia-coffee-bags",
    "name": "Gold Colombia Coffee Bags Strong 28 Pack",
    "brand": "Robert Timms",
    "imageUrls": [
      "https://shop.coles.com.au/wcsstore/Coles-CAS/images/3/5/1/3511630.jpg"
    ],
    "storeId": "coles",
    "packageSize": "160g",
    "cupPrice": "$3.01 per 100G",
    "locations": {
      "VIC": {
        "price": 4.82,
        "discountRate": 50,
        "promo": "",
        "orgPrice": 9.65
      },
      "SA": {
        "price": 4.82,
        "discountRate": 50,
        "promo": "",
        "orgPrice": 9.65
      },
      "QLD": {
        "price": 4.82,
        "discountRate": 50,
        "promo": "",
        "orgPrice": 9.65
      },
      "NSW": {
        "price": 4.82,
        "discountRate": 50,
        "promo": "",
        "orgPrice": 9.65
      },
      "WA": {
        "price": 4.82,
        "discountRate": 50,
        "promo": "",
        "orgPrice": 9.65
      },
      "TAS": {
        "price": 4.82,
        "discountRate": 50,
        "promo": "",
        "orgPrice": 9.65
      },
      "ACT": {
        "price": 4.82,
        "discountRate": 50,
        "promo": "",
        "orgPrice": 9.65
      },
      "NT": {
        "price": 5.06,
        "discountRate": 50,
        "promo": "",
        "orgPrice": 10.129999999999999
      }
    },
    "categoryIds": ["c-pantry", "c-drinks"],
    "similarProducts": []
  },
  {
    "id": "smiths-limited-edition-mac-n-cheese-potato-chips",
    "name": "Limited Edition Sizzling Beef Pepper Steak",
    "brand": "Smith's",
    "imageUrls": [
      "https://shop.coles.com.au/wcsstore/Coles-CAS/images/3/1/5/3151625.jpg"
    ],
    "storeId": "coles",
    "packageSize": "150g",
    "cupPrice": "$1.17 per 100G",
    "locations": {
      "VIC": {
        "price": 1.75,
        "discountRate": 50,
        "promo": "",
        "orgPrice": 3.5
      },
      "SA": { "price": 1.75, "discountRate": 50, "promo": "", "orgPrice": 3.5 },
      "QLD": {
        "price": 1.75,
        "discountRate": 50,
        "promo": "",
        "orgPrice": 3.5
      },
      "NSW": {
        "price": 1.75,
        "discountRate": 50,
        "promo": "",
        "orgPrice": 3.5
      },
      "WA": { "price": 1.75, "discountRate": 50, "promo": "", "orgPrice": 3.5 },
      "TAS": {
        "price": 1.75,
        "discountRate": 50,
        "promo": "",
        "orgPrice": 3.5
      },
      "ACT": {
        "price": 1.75,
        "discountRate": 50,
        "promo": "",
        "orgPrice": 3.5
      },
      "NT": {
        "price": 1.75,
        "discountRate": 52,
        "promo": "",
        "orgPrice": 3.6799999999999997
      }
    },
    "categoryIds": ["c-pantry"],
    "similarProducts": []
  },
  {
    "id": "be-natural-bars-nut-delight-4-pack",
    "name": "Nut Delight Protein Snack Bar 4 pack",
    "brand": "Be Natural",
    "imageUrls": [
      "https://shop.coles.com.au/wcsstore/Coles-CAS/images/9/2/0/9202729.jpg"
    ],
    "storeId": "coles",
    "packageSize": "160g",
    "cupPrice": "$1.25 per 100G",
    "locations": {
      "VIC": { "price": 2, "discountRate": 50, "promo": "", "orgPrice": 4 },
      "SA": { "price": 2, "discountRate": 50, "promo": "", "orgPrice": 4 },
      "QLD": { "price": 2, "discountRate": 50, "promo": "", "orgPrice": 4 },
      "NSW": { "price": 2, "discountRate": 50, "promo": "", "orgPrice": 4 },
      "WA": { "price": 2, "discountRate": 50, "promo": "", "orgPrice": 4 },
      "TAS": { "price": 2, "discountRate": 50, "promo": "", "orgPrice": 4 },
      "ACT": { "price": 2, "discountRate": 50, "promo": "", "orgPrice": 4 },
      "NT": { "price": 2.1, "discountRate": 48, "promo": "", "orgPrice": 4 }
    },
    "categoryIds": ["c-pantry"],
    "similarProducts": []
  },
  {
    "id": "cadbury-caramello-chocolate-bar",
    "name": "Dairy Milk Caramello Chocolate Bar",
    "brand": "Cadbury",
    "imageUrls": [
      "https://shop.coles.com.au/wcsstore/Coles-CAS/images/5/0/7/5072600.jpg"
    ],
    "storeId": "coles",
    "packageSize": "55g",
    "cupPrice": "$1.55 per 100G",
    "locations": {
      "VIC": { "price": 0.85, "discountRate": 58, "promo": "", "orgPrice": 2 },
      "SA": { "price": 0.85, "discountRate": 58, "promo": "", "orgPrice": 2 },
      "QLD": { "price": 0.85, "discountRate": 58, "promo": "", "orgPrice": 2 },
      "NSW": { "price": 0.85, "discountRate": 58, "promo": "", "orgPrice": 2 },
      "WA": { "price": 0.85, "discountRate": 58, "promo": "", "orgPrice": 2 },
      "TAS": { "price": 0.85, "discountRate": 58, "promo": "", "orgPrice": 2 },
      "ACT": { "price": 0.85, "discountRate": 58, "promo": "", "orgPrice": 2 },
      "NT": { "price": 0.85, "discountRate": 60, "promo": "", "orgPrice": 2.1 }
    },
    "categoryIds": ["c-pantry"],
    "similarProducts": []
  },
  {
    "id": "cadbury-bars-freddo-milky-top",
    "name": "Freddo Milky Top Chocolate Bar",
    "brand": "Cadbury",
    "imageUrls": [
      "https://shop.coles.com.au/wcsstore/Coles-CAS/images/3/2/4/3247305.jpg"
    ],
    "storeId": "coles",
    "packageSize": "45g",
    "cupPrice": "$1.89 per 100G",
    "locations": {
      "VIC": { "price": 0.85, "discountRate": 58, "promo": "", "orgPrice": 2 },
      "SA": { "price": 0.85, "discountRate": 58, "promo": "", "orgPrice": 2 },
      "QLD": { "price": 0.85, "discountRate": 58, "promo": "", "orgPrice": 2 },
      "NSW": { "price": 0.85, "discountRate": 58, "promo": "", "orgPrice": 2 },
      "WA": { "price": 0.85, "discountRate": 58, "promo": "", "orgPrice": 2 },
      "TAS": { "price": 0.85, "discountRate": 58, "promo": "", "orgPrice": 2 },
      "ACT": { "price": 0.85, "discountRate": 58, "promo": "", "orgPrice": 2 },
      "NT": { "price": 0.85, "discountRate": 60, "promo": "", "orgPrice": 2.1 }
    },
    "categoryIds": ["c-pantry"],
    "similarProducts": []
  },
  {
    "id": "cadbury-smoshed-share-pack-cranberry-almond",
    "name": "Smooshed Cranberry & Almond Share Pack",
    "brand": "Cadbury",
    "imageUrls": [
      "https://shop.coles.com.au/wcsstore/Coles-CAS/images/3/7/3/3739015.jpg"
    ],
    "storeId": "coles",
    "packageSize": "150g",
    "cupPrice": "$4.00 per 100G",
    "locations": {
      "VIC": {
        "price": 6,
        "discountRate": 50,
        "promo": "Any 2 $6",
        "orgPrice": 6
      },
      "SA": {
        "price": 6,
        "discountRate": 50,
        "promo": "Any 2 $6",
        "orgPrice": 6
      },
      "QLD": {
        "price": 6,
        "discountRate": 50,
        "promo": "Any 2 $6",
        "orgPrice": 6
      },
      "NSW": {
        "price": 6,
        "discountRate": 50,
        "promo": "Any 2 $6",
        "orgPrice": 6
      },
      "WA": {
        "price": 6,
        "discountRate": 50,
        "promo": "Any 2 $6",
        "orgPrice": 6
      },
      "TAS": {
        "price": 6,
        "discountRate": 50,
        "promo": "Any 2 $6",
        "orgPrice": 6
      },
      "ACT": {
        "price": 6,
        "discountRate": 50,
        "promo": "Any 2 $6",
        "orgPrice": 6
      },
      "NT": {
        "price": 6.3,
        "discountRate": 52,
        "promo": "Any 2 $6",
        "orgPrice": 6.3
      }
    },
    "categoryIds": ["c-pantry"],
    "similarProducts": []
  },
  {
    "id": "carmans-bars-dark-choc-blueberry-6-pack",
    "name": "Dark Choc Blueberry Superfood Bars 6 pack",
    "brand": "Carman's",
    "imageUrls": [
      "https://shop.coles.com.au/wcsstore/Coles-CAS/images/8/2/2/8221546.jpg"
    ],
    "storeId": "coles",
    "packageSize": "210g",
    "cupPrice": "$1.43 per 100G",
    "locations": {
      "VIC": { "price": 3, "discountRate": 50, "promo": "", "orgPrice": 6 },
      "SA": { "price": 3, "discountRate": 50, "promo": "", "orgPrice": 6 },
      "QLD": { "price": 3, "discountRate": 50, "promo": "", "orgPrice": 6 },
      "NSW": { "price": 3, "discountRate": 50, "promo": "", "orgPrice": 6 },
      "WA": { "price": 3, "discountRate": 50, "promo": "", "orgPrice": 6 },
      "TAS": { "price": 3, "discountRate": 50, "promo": "", "orgPrice": 6 },
      "ACT": { "price": 3, "discountRate": 50, "promo": "", "orgPrice": 6 },
      "NT": { "price": 3.15, "discountRate": 50, "promo": "", "orgPrice": 6.3 }
    },
    "categoryIds": ["c-pantry"],
    "similarProducts": []
  },
  {
    "id": "carmans--oat-slice-belgian-choc-brownie",
    "name": "Oat Slice Belgian Chocolate Brownie",
    "brand": "Carman's",
    "imageUrls": [
      "https://shop.coles.com.au/wcsstore/Coles-CAS/images/2/7/1/2714711.jpg"
    ],
    "storeId": "coles",
    "packageSize": "210g",
    "cupPrice": "$1.43 per 100G",
    "locations": {
      "VIC": { "price": 3, "discountRate": 50, "promo": "", "orgPrice": 6 },
      "SA": { "price": 3, "discountRate": 50, "promo": "", "orgPrice": 6 },
      "QLD": { "price": 3, "discountRate": 50, "promo": "", "orgPrice": 6 },
      "NSW": { "price": 3, "discountRate": 50, "promo": "", "orgPrice": 6 },
      "WA": { "price": 3, "discountRate": 50, "promo": "", "orgPrice": 6 },
      "TAS": { "price": 3, "discountRate": 50, "promo": "", "orgPrice": 6 },
      "ACT": { "price": 3, "discountRate": 50, "promo": "", "orgPrice": 6 },
      "NT": { "price": 3.15, "discountRate": 50, "promo": "", "orgPrice": 6.3 }
    },
    "categoryIds": ["c-pantry"],
    "similarProducts": []
  },
  {
    "id": "darrell-lea-dark-choc-liquorice-block",
    "name": "Dark Chocolate Liquorice Block",
    "brand": "Darrell Lea",
    "imageUrls": [
      "https://shop.coles.com.au/wcsstore/Coles-CAS/images/3/7/5/3759690.jpg"
    ],
    "storeId": "coles",
    "packageSize": "180g",
    "cupPrice": "$1.39 per 100G",
    "locations": {
      "VIC": { "price": 2.5, "discountRate": 50, "promo": "", "orgPrice": 5 },
      "SA": { "price": 2.5, "discountRate": 50, "promo": "", "orgPrice": 5 },
      "QLD": { "price": 2.5, "discountRate": 50, "promo": "", "orgPrice": 5 },
      "NSW": { "price": 2.5, "discountRate": 50, "promo": "", "orgPrice": 5 },
      "WA": { "price": 2.5, "discountRate": 50, "promo": "", "orgPrice": 5 },
      "TAS": { "price": 2.5, "discountRate": 50, "promo": "", "orgPrice": 5 },
      "ACT": { "price": 2.5, "discountRate": 50, "promo": "", "orgPrice": 5 },
      "NT": { "price": 2.62, "discountRate": 50, "promo": "", "orgPrice": 5.25 }
    },
    "categoryIds": ["c-pantry"],
    "similarProducts": []
  },
  {
    "id": "darrell-lea-milk-block-liquorice",
    "name": "Milk Chocolate Liquorice Block",
    "brand": "Darrell Lea",
    "imageUrls": [
      "https://shop.coles.com.au/wcsstore/Coles-CAS/images/3/7/5/3759613.jpg"
    ],
    "storeId": "coles",
    "packageSize": "180g",
    "cupPrice": "$1.39 per 100G",
    "locations": {
      "VIC": { "price": 2.5, "discountRate": 50, "promo": "", "orgPrice": 5 },
      "SA": { "price": 2.5, "discountRate": 50, "promo": "", "orgPrice": 5 },
      "QLD": { "price": 2.5, "discountRate": 50, "promo": "", "orgPrice": 5 },
      "NSW": { "price": 2.5, "discountRate": 50, "promo": "", "orgPrice": 5 },
      "WA": { "price": 2.5, "discountRate": 50, "promo": "", "orgPrice": 5 },
      "TAS": { "price": 2.5, "discountRate": 50, "promo": "", "orgPrice": 5 },
      "ACT": { "price": 2.5, "discountRate": 50, "promo": "", "orgPrice": 5 },
      "NT": { "price": 2.62, "discountRate": 50, "promo": "", "orgPrice": 5.25 }
    },
    "categoryIds": ["c-pantry"],
    "similarProducts": []
  },
  {
    "id": "dole-tropical-gold-pineapple-pieces-in-juice",
    "name": "Pineapple Pieces in Juice Pouch",
    "brand": "Dole",
    "imageUrls": [
      "https://shop.coles.com.au/wcsstore/Coles-CAS/images/3/2/1/3215003.jpg"
    ],
    "storeId": "coles",
    "packageSize": "400g",
    "cupPrice": "$3.75 per 1Kg",
    "locations": {
      "VIC": { "price": 1.5, "discountRate": 50, "promo": "", "orgPrice": 3 },
      "SA": { "price": 1.5, "discountRate": 50, "promo": "", "orgPrice": 3 },
      "QLD": { "price": 1.5, "discountRate": 50, "promo": "", "orgPrice": 3 },
      "NSW": { "price": 1.5, "discountRate": 50, "promo": "", "orgPrice": 3 },
      "WA": { "price": 1.5, "discountRate": 50, "promo": "", "orgPrice": 3 },
      "TAS": { "price": 1.5, "discountRate": 50, "promo": "", "orgPrice": 3 },
      "ACT": { "price": 1.5, "discountRate": 50, "promo": "", "orgPrice": 3 },
      "NT": { "price": 1.5, "discountRate": 52, "promo": "", "orgPrice": 3.15 }
    },
    "categoryIds": ["c-pantry"],
    "similarProducts": []
  },
  {
    "id": "europe-bars-honey-nougat-log",
    "name": "Honey Nougat Log",
    "brand": "Europe",
    "imageUrls": [
      "https://shop.coles.com.au/wcsstore/Coles-CAS/images/6/7/8/67850.jpg"
    ],
    "storeId": "coles",
    "packageSize": "40g",
    "cupPrice": "$2.13 per 100G",
    "locations": {
      "VIC": { "price": 0.85, "discountRate": 58, "promo": "", "orgPrice": 2 },
      "SA": { "price": 0.85, "discountRate": 58, "promo": "", "orgPrice": 2 },
      "QLD": { "price": 0.85, "discountRate": 58, "promo": "", "orgPrice": 2 },
      "NSW": { "price": 0.85, "discountRate": 58, "promo": "", "orgPrice": 2 },
      "WA": { "price": 0.85, "discountRate": 58, "promo": "", "orgPrice": 2 },
      "TAS": { "price": 0.85, "discountRate": 58, "promo": "", "orgPrice": 2 },
      "ACT": { "price": 0.85, "discountRate": 58, "promo": "", "orgPrice": 2 },
      "NT": { "price": 0.85, "discountRate": 60, "promo": "", "orgPrice": 2.1 }
    },
    "categoryIds": ["c-pantry"],
    "similarProducts": []
  },
  {
    "id": "fantastic-noodles-cup-oriental",
    "name": "Oriental Noodle Cup",
    "brand": "Fantastic",
    "imageUrls": [
      "https://shop.coles.com.au/wcsstore/Coles-CAS/images/6/0/4/6046730.jpg"
    ],
    "storeId": "coles",
    "packageSize": "70g",
    "cupPrice": "$1.14 per 100G",
    "categoryIds": ["c-pantry"],
    "similarProducts": [],
    "locations": {
      "ALL": { "price": 0.8, "discountRate": 50, "promo": "", "orgPrice": 1.6 }
    }
  },
  {
    "id": "fantastic-noodles-cup-beef",
    "name": "Beef Noodle Cup",
    "brand": "Fantastic",
    "imageUrls": [
      "https://shop.coles.com.au/wcsstore/Coles-CAS/images/5/5/8/5588792.jpg"
    ],
    "storeId": "coles",
    "packageSize": "70g",
    "cupPrice": "$1.14 per 100G",
    "categoryIds": ["c-pantry"],
    "similarProducts": [],
    "locations": {
      "ALL": { "price": 0.8, "discountRate": 50, "promo": "", "orgPrice": 1.6 }
    }
  },
  {
    "id": "kelloggs-lcms-rice-bubbles-kaleidos",
    "name": "LCMs Kaleidos Puffed Rice Snack Bars 6 pack",
    "brand": "Kellogg's",
    "imageUrls": [
      "https://shop.coles.com.au/wcsstore/Coles-CAS/images/6/9/2/6920930.jpg"
    ],
    "storeId": "coles",
    "packageSize": "132g",
    "cupPrice": "$1.52 per 100G",
    "locations": {
      "VIC": { "price": 2, "discountRate": 50, "promo": "", "orgPrice": 4 },
      "SA": { "price": 2, "discountRate": 50, "promo": "", "orgPrice": 4 },
      "QLD": { "price": 2, "discountRate": 50, "promo": "", "orgPrice": 4 },
      "NSW": { "price": 2, "discountRate": 50, "promo": "", "orgPrice": 4 },
      "WA": { "price": 2, "discountRate": 50, "promo": "", "orgPrice": 4 },
      "TAS": { "price": 2, "discountRate": 50, "promo": "", "orgPrice": 4 },
      "ACT": { "price": 2, "discountRate": 50, "promo": "", "orgPrice": 4 },
      "NT": { "price": 2.1, "discountRate": 50, "promo": "", "orgPrice": 4.2 }
    },
    "categoryIds": ["c-pantry"],
    "similarProducts": []
  },
  {
    "id": "kelloggs-nutri-grain-original-bars-6-pack",
    "name": "Nutri-Grain Original Cereal Snack Bars 6 pack",
    "brand": "Kellogg's",
    "imageUrls": [
      "https://shop.coles.com.au/wcsstore/Coles-CAS/images/2/1/3/2133898.jpg"
    ],
    "storeId": "coles",
    "packageSize": "144g",
    "cupPrice": "$1.39 per 100G",
    "locations": {
      "VIC": { "price": 2, "discountRate": 50, "promo": "", "orgPrice": 4 },
      "SA": { "price": 2, "discountRate": 50, "promo": "", "orgPrice": 4 },
      "QLD": { "price": 2, "discountRate": 50, "promo": "", "orgPrice": 4 },
      "NSW": { "price": 2, "discountRate": 50, "promo": "", "orgPrice": 4 },
      "WA": { "price": 2, "discountRate": 50, "promo": "", "orgPrice": 4 },
      "TAS": { "price": 2, "discountRate": 50, "promo": "", "orgPrice": 4 },
      "ACT": { "price": 2, "discountRate": 50, "promo": "", "orgPrice": 4 },
      "NT": { "price": 2.1, "discountRate": 50, "promo": "", "orgPrice": 4.2 }
    },
    "categoryIds": ["c-pantry"],
    "similarProducts": []
  },
  {
    "id": "la-espanola-extra-virgin-olive-oil-5833943p",
    "name": "Extra Virgin Olive Oil",
    "brand": "La Espanola",
    "imageUrls": [
      "https://shop.coles.com.au/wcsstore/Coles-CAS/images/5/8/3/5833943.jpg"
    ],
    "storeId": "coles",
    "packageSize": "500mL",
    "cupPrice": "$0.95 per 100mL",
    "locations": {
      "VIC": {
        "price": 4.75,
        "discountRate": 50,
        "promo": "",
        "orgPrice": 9.5
      },
      "SA": { "price": 4.75, "discountRate": 50, "promo": "", "orgPrice": 9.5 },
      "QLD": {
        "price": 4.75,
        "discountRate": 50,
        "promo": "",
        "orgPrice": 9.5
      },
      "NSW": {
        "price": 4.75,
        "discountRate": 50,
        "promo": "",
        "orgPrice": 9.5
      },
      "WA": { "price": 4.75, "discountRate": 50, "promo": "", "orgPrice": 9.5 },
      "TAS": {
        "price": 4.75,
        "discountRate": 50,
        "promo": "",
        "orgPrice": 9.5
      },
      "ACT": {
        "price": 4.75,
        "discountRate": 50,
        "promo": "",
        "orgPrice": 9.5
      },
      "NT": { "price": 4.99, "discountRate": 50, "promo": "", "orgPrice": 9.98 }
    },
    "categoryIds": ["c-pantry"],
    "similarProducts": []
  },
  {
    "id": "mutti-pesto-style-orange-stir-throuh-sauce",
    "name": "Pesto Style Stir Through Sauce Orange Tomato",
    "brand": "Mutti",
    "imageUrls": [
      "https://shop.coles.com.au/wcsstore/Coles-CAS/images/3/5/9/3591333.jpg"
    ],
    "storeId": "coles",
    "packageSize": "280g",
    "cupPrice": "$0.89 per 100G",
    "locations": {
      "VIC": { "price": 2.5, "discountRate": 50, "promo": "", "orgPrice": 5 },
      "SA": { "price": 2.5, "discountRate": 50, "promo": "", "orgPrice": 5 },
      "QLD": { "price": 2.5, "discountRate": 50, "promo": "", "orgPrice": 5 },
      "NSW": { "price": 2.5, "discountRate": 50, "promo": "", "orgPrice": 5 },
      "WA": { "price": 2.5, "discountRate": 50, "promo": "", "orgPrice": 5 },
      "TAS": { "price": 2.5, "discountRate": 50, "promo": "", "orgPrice": 5 },
      "ACT": { "price": 2.5, "discountRate": 50, "promo": "", "orgPrice": 5 },
      "NT": { "price": 2.5, "discountRate": 52, "promo": "", "orgPrice": 5.25 }
    },
    "categoryIds": ["c-pantry"],
    "similarProducts": []
  },
  {
    "id": "arnotts-dare-biscuit-iced-coffe-slice",
    "name": "Dare Iced Coffee Slice Chocolate Biscuit",
    "brand": "Arnott's",
    "imageUrls": [
      "https://shop.coles.com.au/wcsstore/Coles-CAS/images/3/8/2/3824828.jpg"
    ],
    "storeId": "coles",
    "packageSize": "185g",
    "cupPrice": "$0.98 per 100G",
    "locations": {
      "VIC": {
        "price": 1.82,
        "discountRate": 50,
        "promo": "",
        "orgPrice": 3.6500000000000004
      },
      "SA": {
        "price": 1.82,
        "discountRate": 50,
        "promo": "",
        "orgPrice": 3.6500000000000004
      },
      "QLD": {
        "price": 1.82,
        "discountRate": 50,
        "promo": "",
        "orgPrice": 3.6500000000000004
      },
      "NSW": {
        "price": 1.82,
        "discountRate": 50,
        "promo": "",
        "orgPrice": 3.6500000000000004
      },
      "WA": {
        "price": 1.82,
        "discountRate": 50,
        "promo": "",
        "orgPrice": 3.6500000000000004
      },
      "TAS": {
        "price": 1.82,
        "discountRate": 50,
        "promo": "",
        "orgPrice": 3.6500000000000004
      },
      "ACT": {
        "price": 1.82,
        "discountRate": 50,
        "promo": "",
        "orgPrice": 3.6500000000000004
      },
      "NT": { "price": 1.91, "discountRate": 50, "promo": "", "orgPrice": 3.83 }
    },
    "categoryIds": ["c-pantry"],
    "similarProducts": []
  },
  {
    "id": "cadbury-bar-cherry-ripe-dark-ganache",
    "name": "Cherry Ripe Dark Ganache Chocolate Bar",
    "brand": "Cadbury",
    "imageUrls": [
      "https://shop.coles.com.au/wcsstore/Coles-CAS/images/3/3/9/3394241.jpg"
    ],
    "storeId": "coles",
    "packageSize": "47g",
    "cupPrice": "$1.81 per 100G",
    "locations": {
      "VIC": { "price": 0.85, "discountRate": 58, "promo": "", "orgPrice": 2 },
      "SA": { "price": 0.85, "discountRate": 58, "promo": "", "orgPrice": 2 },
      "NSW": { "price": 0.85, "discountRate": 58, "promo": "", "orgPrice": 2 },
      "WA": { "price": 0.85, "discountRate": 58, "promo": "", "orgPrice": 2 },
      "TAS": { "price": 0.85, "discountRate": 58, "promo": "", "orgPrice": 2 },
      "NT": { "price": 0.85, "discountRate": 60, "promo": "", "orgPrice": 2.1 }
    },
    "categoryIds": ["c-pantry"],
    "similarProducts": []
  },
  {
    "id": "cadbury-sharepack-really-nutty",
    "name": "Really Nutty Sharepack",
    "brand": "Cadbury",
    "imageUrls": [
      "https://shop.coles.com.au/wcsstore/Coles-CAS/images/3/7/3/3738522.jpg"
    ],
    "storeId": "coles",
    "packageSize": "150g",
    "cupPrice": "$4.00 per 100G",
    "locations": {
      "VIC": {
        "price": 6,
        "discountRate": 50,
        "promo": "Any 2 $6",
        "orgPrice": 6
      },
      "SA": {
        "price": 6,
        "discountRate": 50,
        "promo": "Any 2 $6",
        "orgPrice": 6
      },
      "QLD": {
        "price": 6,
        "discountRate": 50,
        "promo": "Any 2 $6",
        "orgPrice": 6
      },
      "NSW": {
        "price": 6,
        "discountRate": 50,
        "promo": "Any 2 $6",
        "orgPrice": 6
      },
      "WA": {
        "price": 6,
        "discountRate": 50,
        "promo": "Any 2 $6",
        "orgPrice": 6
      },
      "TAS": {
        "price": 6,
        "discountRate": 50,
        "promo": "Any 2 $6",
        "orgPrice": 6
      },
      "ACT": {
        "price": 6,
        "discountRate": 50,
        "promo": "Any 2 $6",
        "orgPrice": 6
      },
      "NT": {
        "price": 6.3,
        "discountRate": 52,
        "promo": "Any 2 $6",
        "orgPrice": 6.3
      }
    },
    "categoryIds": ["c-pantry"],
    "similarProducts": []
  },
  {
    "id": "cadbury-favourites-game-tin",
    "name": "Favourites Game Tin",
    "brand": "Cadbury",
    "imageUrls": [
      "https://shop.coles.com.au/wcsstore/Coles-CAS/images/3/8/2/3829901.jpg"
    ],
    "storeId": "coles",
    "packageSize": "700g",
    "cupPrice": "$2.14 per 100G",
    "locations": {
      "VIC": { "price": 15, "discountRate": 50, "promo": "", "orgPrice": 30 },
      "SA": { "price": 15, "discountRate": 50, "promo": "", "orgPrice": 30 },
      "QLD": { "price": 15, "discountRate": 50, "promo": "", "orgPrice": 30 },
      "WA": { "price": 15, "discountRate": 50, "promo": "", "orgPrice": 30 },
      "TAS": { "price": 15, "discountRate": 50, "promo": "", "orgPrice": 30 },
      "ACT": { "price": 15, "discountRate": 50, "promo": "", "orgPrice": 30 },
      "NT": { "price": 15, "discountRate": 50, "promo": "", "orgPrice": 30 }
    },
    "categoryIds": ["c-pantry"],
    "similarProducts": []
  },
  {
    "id": "carmans-cranberry-blueberry-oat-slice",
    "name": "Cranberry & Blueberry Oat Slice",
    "brand": "Carman's",
    "imageUrls": [
      "https://shop.coles.com.au/wcsstore/Coles-CAS/images/2/3/9/2392499.jpg"
    ],
    "storeId": "coles",
    "packageSize": "210g",
    "cupPrice": "$1.43 per 100G",
    "locations": {
      "VIC": { "price": 3, "discountRate": 50, "promo": "", "orgPrice": 6 },
      "SA": { "price": 3, "discountRate": 50, "promo": "", "orgPrice": 6 },
      "QLD": { "price": 3, "discountRate": 50, "promo": "", "orgPrice": 6 },
      "NSW": { "price": 3, "discountRate": 50, "promo": "", "orgPrice": 6 },
      "WA": { "price": 3, "discountRate": 50, "promo": "", "orgPrice": 6 },
      "TAS": { "price": 3, "discountRate": 50, "promo": "", "orgPrice": 6 },
      "ACT": { "price": 3, "discountRate": 50, "promo": "", "orgPrice": 6 },
      "NT": { "price": 3.15, "discountRate": 50, "promo": "", "orgPrice": 6.3 }
    },
    "categoryIds": ["c-pantry"],
    "similarProducts": []
  },
  {
    "id": "carmans-almond-superseed-vanila-bliss-balls",
    "name": "Almond Super Seed & Vanilla Bliss Balls",
    "brand": "Carman's",
    "imageUrls": [
      "https://shop.coles.com.au/wcsstore/Coles-CAS/images/2/9/1/2913740.jpg"
    ],
    "storeId": "coles",
    "packageSize": "80g",
    "cupPrice": "$2.44 per 100G",
    "locations": {
      "VIC": {
        "price": 1.95,
        "discountRate": 57,
        "promo": "",
        "orgPrice": 4.5
      },
      "SA": { "price": 1.95, "discountRate": 57, "promo": "", "orgPrice": 4.5 },
      "QLD": {
        "price": 1.95,
        "discountRate": 57,
        "promo": "",
        "orgPrice": 4.5
      },
      "NSW": {
        "price": 1.95,
        "discountRate": 57,
        "promo": "",
        "orgPrice": 4.5
      },
      "WA": { "price": 1.95, "discountRate": 57, "promo": "", "orgPrice": 4.5 },
      "TAS": {
        "price": 1.95,
        "discountRate": 57,
        "promo": "",
        "orgPrice": 4.5
      },
      "ACT": {
        "price": 1.95,
        "discountRate": 57,
        "promo": "",
        "orgPrice": 4.5
      },
      "NT": {
        "price": 1.95,
        "discountRate": 59,
        "promo": "",
        "orgPrice": 4.7299999999999995
      }
    },
    "categoryIds": ["c-pantry"],
    "similarProducts": []
  },
  {
    "id": "carmans-orange-cacao-poppy-seed-bliss-balls",
    "name": "Orange Cacao & Poppy Seed Bliss Balls",
    "brand": "Carman's",
    "imageUrls": [
      "https://shop.coles.com.au/wcsstore/Coles-CAS/images/2/9/1/2913730.jpg"
    ],
    "storeId": "coles",
    "packageSize": "80g",
    "cupPrice": "$2.44 per 100G",
    "locations": {
      "VIC": {
        "price": 1.95,
        "discountRate": 57,
        "promo": "",
        "orgPrice": 4.5
      },
      "SA": { "price": 1.95, "discountRate": 57, "promo": "", "orgPrice": 4.5 },
      "QLD": {
        "price": 1.95,
        "discountRate": 57,
        "promo": "",
        "orgPrice": 4.5
      },
      "NSW": {
        "price": 1.95,
        "discountRate": 57,
        "promo": "",
        "orgPrice": 4.5
      },
      "WA": { "price": 1.95, "discountRate": 57, "promo": "", "orgPrice": 4.5 },
      "TAS": {
        "price": 1.95,
        "discountRate": 57,
        "promo": "",
        "orgPrice": 4.5
      },
      "ACT": {
        "price": 1.95,
        "discountRate": 57,
        "promo": "",
        "orgPrice": 4.5
      },
      "NT": {
        "price": 1.95,
        "discountRate": 59,
        "promo": "",
        "orgPrice": 4.7299999999999995
      }
    },
    "categoryIds": ["c-pantry"],
    "similarProducts": []
  },
  {
    "id": "carmans-gluten-free-salted-caramel-coconut-bliss-balls",
    "name": "Gluten Free Salted Caramel & Coconut Bliss Balls",
    "brand": "Carman's",
    "imageUrls": [
      "https://shop.coles.com.au/wcsstore/Coles-CAS/images/3/3/8/3387847.jpg"
    ],
    "storeId": "coles",
    "packageSize": "80g",
    "cupPrice": "$2.44 per 100G",
    "locations": {
      "VIC": {
        "price": 1.95,
        "discountRate": 57,
        "promo": "",
        "orgPrice": 4.5
      },
      "SA": { "price": 1.95, "discountRate": 57, "promo": "", "orgPrice": 4.5 },
      "QLD": {
        "price": 1.95,
        "discountRate": 57,
        "promo": "",
        "orgPrice": 4.5
      },
      "NSW": {
        "price": 1.95,
        "discountRate": 57,
        "promo": "",
        "orgPrice": 4.5
      },
      "WA": { "price": 1.95, "discountRate": 57, "promo": "", "orgPrice": 4.5 },
      "TAS": {
        "price": 1.95,
        "discountRate": 57,
        "promo": "",
        "orgPrice": 4.5
      },
      "ACT": {
        "price": 1.95,
        "discountRate": 57,
        "promo": "",
        "orgPrice": 4.5
      },
      "NT": {
        "price": 1.95,
        "discountRate": 59,
        "promo": "",
        "orgPrice": 4.7299999999999995
      }
    },
    "categoryIds": ["c-pantry"],
    "similarProducts": []
  },
  {
    "id": "carmans-nutty-delights-sticky-date-caramel",
    "name": "Nutty Delights Health Snacks Sticky Date & Caramel",
    "brand": "Carman's",
    "imageUrls": [
      "https://shop.coles.com.au/wcsstore/Coles-CAS/images/3/7/9/3795038.jpg"
    ],
    "storeId": "coles",
    "packageSize": "160g",
    "cupPrice": "$1.88 per 100G",
    "locations": {
      "VIC": { "price": 3, "discountRate": 50, "promo": "", "orgPrice": 6 },
      "SA": { "price": 3, "discountRate": 50, "promo": "", "orgPrice": 6 },
      "QLD": { "price": 3, "discountRate": 50, "promo": "", "orgPrice": 6 },
      "NSW": { "price": 3, "discountRate": 50, "promo": "", "orgPrice": 6 },
      "WA": { "price": 3, "discountRate": 50, "promo": "", "orgPrice": 6 },
      "TAS": { "price": 3, "discountRate": 50, "promo": "", "orgPrice": 6 },
      "ACT": { "price": 3, "discountRate": 50, "promo": "", "orgPrice": 6 },
      "NT": { "price": 3.15, "discountRate": 50, "promo": "", "orgPrice": 6.3 }
    },
    "categoryIds": ["c-pantry"],
    "similarProducts": []
  },
  {
    "id": "carmans-nutty-delights-dark-choc-cherry-coconu",
    "name": "Nutty Delights Health Snacks Dark Choc Cherry & Coconut",
    "brand": "Carman's",
    "imageUrls": [
      "https://shop.coles.com.au/wcsstore/Coles-CAS/images/3/7/9/3795027.jpg"
    ],
    "storeId": "coles",
    "packageSize": "160g",
    "cupPrice": "$1.88 per 100G",
    "locations": {
      "VIC": { "price": 3, "discountRate": 50, "promo": "", "orgPrice": 6 },
      "SA": { "price": 3, "discountRate": 50, "promo": "", "orgPrice": 6 },
      "QLD": { "price": 3, "discountRate": 50, "promo": "", "orgPrice": 6 },
      "NSW": { "price": 3, "discountRate": 50, "promo": "", "orgPrice": 6 },
      "WA": { "price": 3, "discountRate": 50, "promo": "", "orgPrice": 6 },
      "TAS": { "price": 3, "discountRate": 50, "promo": "", "orgPrice": 6 },
      "ACT": { "price": 3, "discountRate": 50, "promo": "", "orgPrice": 6 },
      "NT": { "price": 3.15, "discountRate": 50, "promo": "", "orgPrice": 6.3 }
    },
    "categoryIds": ["c-pantry"],
    "similarProducts": []
  },
  {
    "id": "darrell-lea-milk-block-pb-j",
    "name": "Milk Chocolate PB&J Block",
    "brand": "Darrell Lea",
    "imageUrls": [
      "https://shop.coles.com.au/wcsstore/Coles-CAS/images/3/7/5/3759680.jpg"
    ],
    "storeId": "coles",
    "packageSize": "160g",
    "cupPrice": "$1.56 per 100G",
    "locations": {
      "VIC": { "price": 2.5, "discountRate": 50, "promo": "", "orgPrice": 5 },
      "SA": { "price": 2.5, "discountRate": 50, "promo": "", "orgPrice": 5 },
      "QLD": { "price": 2.5, "discountRate": 50, "promo": "", "orgPrice": 5 },
      "NSW": { "price": 2.5, "discountRate": 50, "promo": "", "orgPrice": 5 },
      "WA": { "price": 2.5, "discountRate": 50, "promo": "", "orgPrice": 5 },
      "TAS": { "price": 2.5, "discountRate": 50, "promo": "", "orgPrice": 5 },
      "ACT": { "price": 2.5, "discountRate": 50, "promo": "", "orgPrice": 5 },
      "NT": { "price": 2.62, "discountRate": 50, "promo": "", "orgPrice": 5.25 }
    },
    "categoryIds": ["c-pantry"],
    "similarProducts": []
  },
  {
    "id": "darrell-lea-milk-block-caramel-craving",
    "name": "Caramel Craving Milk Block",
    "brand": "Darrell Lea",
    "imageUrls": [
      "https://shop.coles.com.au/wcsstore/Coles-CAS/images/3/7/5/3759657.jpg"
    ],
    "storeId": "coles",
    "packageSize": "180g",
    "cupPrice": "$1.39 per 100G",
    "locations": {
      "VIC": { "price": 2.5, "discountRate": 50, "promo": "", "orgPrice": 5 },
      "SA": { "price": 2.5, "discountRate": 50, "promo": "", "orgPrice": 5 },
      "QLD": { "price": 2.5, "discountRate": 50, "promo": "", "orgPrice": 5 },
      "NSW": { "price": 2.5, "discountRate": 50, "promo": "", "orgPrice": 5 },
      "WA": { "price": 2.5, "discountRate": 50, "promo": "", "orgPrice": 5 },
      "TAS": { "price": 2.5, "discountRate": 50, "promo": "", "orgPrice": 5 },
      "ACT": { "price": 2.5, "discountRate": 50, "promo": "", "orgPrice": 5 },
      "NT": { "price": 2.62, "discountRate": 50, "promo": "", "orgPrice": 5.25 }
    },
    "categoryIds": ["c-pantry"],
    "similarProducts": []
  },
  {
    "id": "europe-bars-summer-roll",
    "name": "Summer Roll",
    "brand": "Europe",
    "imageUrls": [
      "https://shop.coles.com.au/wcsstore/Coles-CAS/images/6/7/8/67861.jpg"
    ],
    "storeId": "coles",
    "packageSize": "40g",
    "cupPrice": "$2.13 per 100G",
    "locations": {
      "VIC": { "price": 0.85, "discountRate": 58, "promo": "", "orgPrice": 2 },
      "SA": { "price": 0.85, "discountRate": 58, "promo": "", "orgPrice": 2 },
      "QLD": { "price": 0.85, "discountRate": 58, "promo": "", "orgPrice": 2 },
      "NSW": { "price": 0.85, "discountRate": 58, "promo": "", "orgPrice": 2 },
      "WA": { "price": 0.85, "discountRate": 58, "promo": "", "orgPrice": 2 },
      "TAS": { "price": 0.85, "discountRate": 58, "promo": "", "orgPrice": 2 },
      "ACT": { "price": 0.85, "discountRate": 58, "promo": "", "orgPrice": 2 },
      "NT": { "price": 0.85, "discountRate": 60, "promo": "", "orgPrice": 2.1 }
    },
    "categoryIds": ["c-pantry"],
    "similarProducts": []
  },
  {
    "id": "ferrero-rocher-heart",
    "name": "Heart",
    "brand": "Ferrero Rocher",
    "imageUrls": [
      "https://shop.coles.com.au/wcsstore/Coles-CAS/images/3/1/3/3136483.jpg"
    ],
    "storeId": "coles",
    "packageSize": "100g",
    "cupPrice": "$6.00 per 100G",
    "locations": {
      "VIC": { "price": 6, "discountRate": 50, "promo": "", "orgPrice": 12 },
      "NSW": { "price": 6, "discountRate": 50, "promo": "", "orgPrice": 12 },
      "TAS": { "price": 6, "discountRate": 50, "promo": "", "orgPrice": 12 }
    },
    "categoryIds": ["c-pantry"],
    "similarProducts": []
  },
  {
    "id": "fulfil-protein-bar-choc-mint",
    "name": "Milk Chocolate And Mint Flavour Vitamin And Protein Bar",
    "brand": "Fulfil",
    "imageUrls": [
      "https://shop.coles.com.au/wcsstore/Coles-CAS/images/3/1/2/3129218.jpg"
    ],
    "storeId": "coles",
    "packageSize": "55g",
    "cupPrice": "$3.64 per 100G",
    "locations": {
      "VIC": { "price": 2, "discountRate": 50, "promo": "", "orgPrice": 4 },
      "SA": { "price": 2, "discountRate": 50, "promo": "", "orgPrice": 4 },
      "QLD": { "price": 2, "discountRate": 50, "promo": "", "orgPrice": 4 },
      "NSW": { "price": 2, "discountRate": 50, "promo": "", "orgPrice": 4 },
      "WA": { "price": 2, "discountRate": 50, "promo": "", "orgPrice": 4 },
      "TAS": { "price": 2, "discountRate": 50, "promo": "", "orgPrice": 4 },
      "ACT": { "price": 2, "discountRate": 50, "promo": "", "orgPrice": 4 },
      "NT": { "price": 2.1, "discountRate": 50, "promo": "", "orgPrice": 4.2 }
    },
    "categoryIds": ["c-pantry", "c-healthy-living"],
    "similarProducts": []
  },
  {
    "id": "fulfil-protein-bar-peanut-caramel",
    "name": "Vitamin & Protein Bar Peanut & Caramel Flavour",
    "brand": "Fulfil",
    "imageUrls": [
      "https://shop.coles.com.au/wcsstore/Coles-CAS/images/3/1/2/3129240.jpg"
    ],
    "storeId": "coles",
    "packageSize": "55g",
    "cupPrice": "$3.64 per 100G",
    "locations": {
      "VIC": { "price": 2, "discountRate": 50, "promo": "", "orgPrice": 4 },
      "SA": { "price": 2, "discountRate": 50, "promo": "", "orgPrice": 4 },
      "QLD": { "price": 2, "discountRate": 50, "promo": "", "orgPrice": 4 },
      "NSW": { "price": 2, "discountRate": 50, "promo": "", "orgPrice": 4 },
      "WA": { "price": 2, "discountRate": 50, "promo": "", "orgPrice": 4 },
      "TAS": { "price": 2, "discountRate": 50, "promo": "", "orgPrice": 4 },
      "ACT": { "price": 2, "discountRate": 50, "promo": "", "orgPrice": 4 },
      "NT": { "price": 2.1, "discountRate": 50, "promo": "", "orgPrice": 4.2 }
    },
    "categoryIds": ["c-pantry", "c-healthy-living"],
    "similarProducts": []
  },
  {
    "id": "kelloggs-lcms--rice-bubbles-choc-chip",
    "name": "LCMs Choc Chip Puffed Rice Snack Bars 6 pack",
    "brand": "Kellogg's",
    "imageUrls": [
      "https://shop.coles.com.au/wcsstore/Coles-CAS/images/6/9/2/6920908.jpg"
    ],
    "storeId": "coles",
    "packageSize": "132g",
    "cupPrice": "$1.52 per 100G",
    "locations": {
      "VIC": { "price": 2, "discountRate": 50, "promo": "", "orgPrice": 4 },
      "SA": { "price": 2, "discountRate": 50, "promo": "", "orgPrice": 4 },
      "QLD": { "price": 2, "discountRate": 50, "promo": "", "orgPrice": 4 },
      "NSW": { "price": 2, "discountRate": 50, "promo": "", "orgPrice": 4 },
      "WA": { "price": 2, "discountRate": 50, "promo": "", "orgPrice": 4 },
      "TAS": { "price": 2, "discountRate": 50, "promo": "", "orgPrice": 4 },
      "ACT": { "price": 2, "discountRate": 50, "promo": "", "orgPrice": 4 },
      "NT": { "price": 2.1, "discountRate": 50, "promo": "", "orgPrice": 4.2 }
    },
    "categoryIds": ["c-pantry"],
    "similarProducts": []
  },
  {
    "id": "kelloggs-lcms-split-stix-chocolatey-rice-bubbles",
    "name": "LCMs Chocolatey Split Stix Puffed Rice Breakfast Cereal Bars 6 pack",
    "brand": "Kellogg's",
    "imageUrls": [
      "https://shop.coles.com.au/wcsstore/Coles-CAS/images/6/6/4/6642816.jpg"
    ],
    "storeId": "coles",
    "packageSize": "138g",
    "cupPrice": "$1.45 per 100G",
    "locations": {
      "VIC": { "price": 2, "discountRate": 50, "promo": "", "orgPrice": 4 },
      "SA": { "price": 2, "discountRate": 50, "promo": "", "orgPrice": 4 },
      "QLD": { "price": 2, "discountRate": 50, "promo": "", "orgPrice": 4 },
      "NSW": { "price": 2, "discountRate": 50, "promo": "", "orgPrice": 4 },
      "WA": { "price": 2, "discountRate": 50, "promo": "", "orgPrice": 4 },
      "TAS": { "price": 2, "discountRate": 50, "promo": "", "orgPrice": 4 },
      "ACT": { "price": 2, "discountRate": 50, "promo": "", "orgPrice": 4 },
      "NT": { "price": 2.1, "discountRate": 50, "promo": "", "orgPrice": 4.2 }
    },
    "categoryIds": ["c-pantry"],
    "similarProducts": []
  },
  {
    "id": "kelloggs-bars-crunchy-nut-nutty-peanut-6-pack",
    "name": "Peanut Crunchy Nut Bars 6 pack",
    "brand": "Kellogg's",
    "imageUrls": [
      "https://shop.coles.com.au/wcsstore/Coles-CAS/images/5/6/8/5682917.jpg"
    ],
    "storeId": "coles",
    "packageSize": "180g",
    "cupPrice": "$1.39 per 100G",
    "locations": {
      "VIC": { "price": 2.5, "discountRate": 50, "promo": "", "orgPrice": 5 },
      "SA": { "price": 2.5, "discountRate": 50, "promo": "", "orgPrice": 5 },
      "QLD": { "price": 2.5, "discountRate": 50, "promo": "", "orgPrice": 5 },
      "NSW": { "price": 2.5, "discountRate": 50, "promo": "", "orgPrice": 5 },
      "WA": { "price": 2.5, "discountRate": 50, "promo": "", "orgPrice": 5 },
      "TAS": { "price": 2.5, "discountRate": 50, "promo": "", "orgPrice": 5 },
      "ACT": { "price": 2.5, "discountRate": 50, "promo": "", "orgPrice": 5 },
      "NT": { "price": 2.62, "discountRate": 50, "promo": "", "orgPrice": 5.25 }
    },
    "categoryIds": ["c-pantry"],
    "similarProducts": []
  },
  {
    "id": "kelloggs-lcms-coco-pops-6pk",
    "name": "LCMs Coco Pops Chocolatey Puffed Rice Snack Bars 6 pack",
    "brand": "Kellogg's",
    "imageUrls": [
      "https://shop.coles.com.au/wcsstore/Coles-CAS/images/3/0/2/3022043.jpg"
    ],
    "storeId": "coles",
    "packageSize": "132g",
    "cupPrice": "$1.52 per 100G",
    "locations": {
      "VIC": { "price": 2, "discountRate": 50, "promo": "", "orgPrice": 4 },
      "SA": { "price": 2, "discountRate": 50, "promo": "", "orgPrice": 4 },
      "QLD": { "price": 2, "discountRate": 50, "promo": "", "orgPrice": 4 },
      "NSW": { "price": 2, "discountRate": 50, "promo": "", "orgPrice": 4 },
      "WA": { "price": 2, "discountRate": 50, "promo": "", "orgPrice": 4 },
      "TAS": { "price": 2, "discountRate": 50, "promo": "", "orgPrice": 4 },
      "ACT": { "price": 2, "discountRate": 50, "promo": "", "orgPrice": 4 },
      "NT": { "price": 2.1, "discountRate": 50, "promo": "", "orgPrice": 4.2 }
    },
    "categoryIds": ["c-pantry"],
    "similarProducts": []
  },
  {
    "id": "kelloggs-lcms-unicorn",
    "name": "LCMs Unicorn Puffed Rice Snack Bars 6 pack",
    "brand": "Kellogg's",
    "imageUrls": [
      "https://shop.coles.com.au/wcsstore/Coles-CAS/images/3/3/9/3390499.jpg"
    ],
    "storeId": "coles",
    "packageSize": "132g",
    "cupPrice": "$1.52 per 100G",
    "locations": {
      "VIC": { "price": 2, "discountRate": 50, "promo": "", "orgPrice": 4 },
      "SA": { "price": 2, "discountRate": 50, "promo": "", "orgPrice": 4 },
      "QLD": { "price": 2, "discountRate": 50, "promo": "", "orgPrice": 4 },
      "NSW": { "price": 2, "discountRate": 50, "promo": "", "orgPrice": 4 },
      "WA": { "price": 2, "discountRate": 50, "promo": "", "orgPrice": 4 },
      "TAS": { "price": 2, "discountRate": 50, "promo": "", "orgPrice": 4 },
      "ACT": { "price": 2, "discountRate": 50, "promo": "", "orgPrice": 4 },
      "NT": { "price": 2.1, "discountRate": 50, "promo": "", "orgPrice": 4.2 }
    },
    "categoryIds": ["c-pantry"],
    "similarProducts": []
  },
  {
    "id": "kelloggs-cereal-variety-pack-nutri-grain",
    "name": "Nutri-Grain To Go Breakfast Cereal 6 Pack",
    "brand": "Kellogg's",
    "imageUrls": [
      "https://shop.coles.com.au/wcsstore/Coles-CAS/images/3/5/1/3515776.jpg"
    ],
    "storeId": "coles",
    "packageSize": "240g",
    "cupPrice": "$1.35 per 100G",
    "locations": {
      "VIC": {
        "price": 3.25,
        "discountRate": 50,
        "promo": "",
        "orgPrice": 6.5
      },
      "SA": { "price": 3.25, "discountRate": 50, "promo": "", "orgPrice": 6.5 },
      "QLD": {
        "price": 3.25,
        "discountRate": 50,
        "promo": "",
        "orgPrice": 6.5
      },
      "NSW": {
        "price": 3.25,
        "discountRate": 50,
        "promo": "",
        "orgPrice": 6.5
      },
      "WA": { "price": 3.25, "discountRate": 50, "promo": "", "orgPrice": 6.5 },
      "TAS": {
        "price": 3.25,
        "discountRate": 50,
        "promo": "",
        "orgPrice": 6.5
      },
      "ACT": {
        "price": 3.25,
        "discountRate": 50,
        "promo": "",
        "orgPrice": 6.5
      },
      "NT": { "price": 3.41, "discountRate": 50, "promo": "", "orgPrice": 6.83 }
    },
    "categoryIds": ["c-pantry"],
    "similarProducts": []
  },
  {
    "id": "kelloggs-lcms-dino",
    "name": "LCMs Dino Puffed Rice Breakfast Cereal Bars 6 pack",
    "brand": "Kellogg's",
    "imageUrls": [
      "https://shop.coles.com.au/wcsstore/Coles-CAS/images/3/5/8/3583164.jpg"
    ],
    "storeId": "coles",
    "packageSize": "132g",
    "cupPrice": "$1.52 per 100G",
    "locations": {
      "VIC": { "price": 2, "discountRate": 50, "promo": "", "orgPrice": 4 },
      "SA": { "price": 2, "discountRate": 50, "promo": "", "orgPrice": 4 },
      "QLD": { "price": 2, "discountRate": 50, "promo": "", "orgPrice": 4 },
      "NSW": { "price": 2, "discountRate": 50, "promo": "", "orgPrice": 4 },
      "WA": { "price": 2, "discountRate": 50, "promo": "", "orgPrice": 4 },
      "TAS": { "price": 2, "discountRate": 50, "promo": "", "orgPrice": 4 },
      "ACT": { "price": 2, "discountRate": 50, "promo": "", "orgPrice": 4 },
      "NT": { "price": 2.1, "discountRate": 50, "promo": "", "orgPrice": 4.2 }
    },
    "categoryIds": ["c-pantry"],
    "similarProducts": []
  },
  {
    "id": "kelloggs-k-time-breaks-raspberry-chocolate",
    "name": "K-Time Choc & Raspberry Flavour Soft Baked Breaks 5 pack",
    "brand": "Kellogg's",
    "imageUrls": [
      "https://shop.coles.com.au/wcsstore/Coles-CAS/images/3/6/1/3618418.jpg"
    ],
    "storeId": "coles",
    "packageSize": "185g",
    "cupPrice": "$1.08 per 100G",
    "locations": {
      "VIC": { "price": 2, "discountRate": 50, "promo": "", "orgPrice": 4 },
      "SA": { "price": 2, "discountRate": 50, "promo": "", "orgPrice": 4 },
      "QLD": { "price": 2, "discountRate": 50, "promo": "", "orgPrice": 4 },
      "NSW": { "price": 2, "discountRate": 50, "promo": "", "orgPrice": 4 },
      "WA": { "price": 2, "discountRate": 50, "promo": "", "orgPrice": 4 },
      "TAS": { "price": 2, "discountRate": 50, "promo": "", "orgPrice": 4 },
      "ACT": { "price": 2, "discountRate": 50, "promo": "", "orgPrice": 4 },
      "NT": { "price": 2.1, "discountRate": 50, "promo": "", "orgPrice": 4.2 }
    },
    "categoryIds": ["c-pantry"],
    "similarProducts": []
  },
  {
    "id": "kellogg-s-k-time-soft-baked-bites-apple-165g",
    "name": "K-Time Soft Baked Bites Apple",
    "brand": "Kellogg's",
    "imageUrls": [
      "https://shop.coles.com.au/wcsstore/Coles-CAS/images/3/7/9/3790850.jpg"
    ],
    "storeId": "coles",
    "packageSize": "165g",
    "cupPrice": "$1.21 per 100G",
    "locations": {
      "VIC": { "price": 2, "discountRate": 50, "promo": "", "orgPrice": 4 },
      "SA": { "price": 2, "discountRate": 50, "promo": "", "orgPrice": 4 },
      "QLD": { "price": 2, "discountRate": 50, "promo": "", "orgPrice": 4 },
      "NSW": { "price": 2, "discountRate": 50, "promo": "", "orgPrice": 4 },
      "WA": { "price": 2, "discountRate": 50, "promo": "", "orgPrice": 4 },
      "TAS": { "price": 2, "discountRate": 50, "promo": "", "orgPrice": 4 },
      "ACT": { "price": 2, "discountRate": 50, "promo": "", "orgPrice": 4 },
      "NT": { "price": 2.1, "discountRate": 50, "promo": "", "orgPrice": 4.2 }
    },
    "categoryIds": ["c-pantry"],
    "similarProducts": []
  },
  {
    "id": "kellogg-s-k-time-soft-baked-bites-strawberry",
    "name": "K-Time Soft Baked Bites Strawberry",
    "brand": "Kellogg's",
    "imageUrls": [
      "https://shop.coles.com.au/wcsstore/Coles-CAS/images/3/7/8/3788644.jpg"
    ],
    "storeId": "coles",
    "packageSize": "165g",
    "cupPrice": "$1.21 per 100G",
    "locations": {
      "VIC": { "price": 2, "discountRate": 50, "promo": "", "orgPrice": 4 },
      "SA": { "price": 2, "discountRate": 50, "promo": "", "orgPrice": 4 },
      "QLD": { "price": 2, "discountRate": 50, "promo": "", "orgPrice": 4 },
      "NSW": { "price": 2, "discountRate": 50, "promo": "", "orgPrice": 4 },
      "WA": { "price": 2, "discountRate": 50, "promo": "", "orgPrice": 4 },
      "TAS": { "price": 2, "discountRate": 50, "promo": "", "orgPrice": 4 },
      "ACT": { "price": 2, "discountRate": 50, "promo": "", "orgPrice": 4 },
      "NT": { "price": 2.1, "discountRate": 50, "promo": "", "orgPrice": 4.2 }
    },
    "categoryIds": ["c-pantry"],
    "similarProducts": []
  },
  {
    "id": "kellogs-pop-tarts-chocotastic-384g",
    "name": "Pop Tarts Chocotastic",
    "brand": "Kellogg's",
    "imageUrls": [
      "https://shop.coles.com.au/wcsstore/Coles-CAS/images/3/7/9/3790500.jpg"
    ],
    "storeId": "coles",
    "packageSize": "384g",
    "cupPrice": "$0.65 per 100G",
    "locations": {
      "VIC": { "price": 2.5, "discountRate": 50, "promo": "", "orgPrice": 5 },
      "SA": { "price": 2.5, "discountRate": 50, "promo": "", "orgPrice": 5 },
      "QLD": { "price": 2.5, "discountRate": 50, "promo": "", "orgPrice": 5 },
      "NSW": { "price": 2.5, "discountRate": 50, "promo": "", "orgPrice": 5 },
      "WA": { "price": 2.5, "discountRate": 50, "promo": "", "orgPrice": 5 },
      "TAS": { "price": 2.5, "discountRate": 50, "promo": "", "orgPrice": 5 },
      "ACT": { "price": 2.5, "discountRate": 50, "promo": "", "orgPrice": 5 },
      "NT": { "price": 2.62, "discountRate": 50, "promo": "", "orgPrice": 5.25 }
    },
    "categoryIds": ["c-pantry"],
    "similarProducts": []
  },
  {
    "id": "la-espanola-olive-oil-mild-light",
    "name": "Olive Oil Light",
    "brand": "La Espanola",
    "imageUrls": [
      "https://shop.coles.com.au/wcsstore/Coles-CAS/images/5/8/3/5833477.jpg"
    ],
    "storeId": "coles",
    "packageSize": "500mL",
    "cupPrice": "$0.95 per 100mL",
    "locations": {
      "VIC": {
        "price": 4.75,
        "discountRate": 50,
        "promo": "",
        "orgPrice": 9.5
      },
      "SA": { "price": 4.75, "discountRate": 50, "promo": "", "orgPrice": 9.5 },
      "QLD": {
        "price": 4.75,
        "discountRate": 50,
        "promo": "",
        "orgPrice": 9.5
      },
      "NSW": {
        "price": 4.75,
        "discountRate": 50,
        "promo": "",
        "orgPrice": 9.5
      },
      "WA": { "price": 4.75, "discountRate": 50, "promo": "", "orgPrice": 9.5 },
      "TAS": {
        "price": 4.75,
        "discountRate": 50,
        "promo": "",
        "orgPrice": 9.5
      },
      "ACT": {
        "price": 4.75,
        "discountRate": 50,
        "promo": "",
        "orgPrice": 9.5
      },
      "NT": { "price": 4.99, "discountRate": 50, "promo": "", "orgPrice": 9.98 }
    },
    "categoryIds": ["c-pantry"],
    "similarProducts": []
  },
  {
    "id": "lindt-lindor-chocolate-balls-milk-chocolate-gift-box",
    "name": "Lindor Milk Chocolate Balls Gift Box",
    "brand": "Lindt",
    "imageUrls": [
      "https://shop.coles.com.au/wcsstore/Coles-CAS/images/8/7/3/8731236.jpg"
    ],
    "storeId": "coles",
    "packageSize": "235g",
    "cupPrice": "$4.26 per 100G",
    "categoryIds": ["c-pantry"],
    "similarProducts": [],
    "locations": {
      "ALL": { "price": 10, "discountRate": 50, "promo": "", "orgPrice": 20 }
    }
  },
  {
    "id": "lipton-real-iced-tea-gren-tea-peppermint",
    "name": "Real Iced Tea Green Tea With Peppermint",
    "brand": "Lipton",
    "imageUrls": [
      "https://shop.coles.com.au/wcsstore/Coles-CAS/images/3/7/1/3712733.jpg"
    ],
    "storeId": "coles",
    "packageSize": "15 pack",
    "cupPrice": "$0.18 per 1Ea",
    "locations": {
      "VIC": {
        "price": 2.75,
        "discountRate": 50,
        "promo": "",
        "orgPrice": 5.5
      },
      "SA": { "price": 2.75, "discountRate": 50, "promo": "", "orgPrice": 5.5 },
      "QLD": {
        "price": 2.75,
        "discountRate": 50,
        "promo": "",
        "orgPrice": 5.5
      },
      "NSW": {
        "price": 2.75,
        "discountRate": 50,
        "promo": "",
        "orgPrice": 5.5
      },
      "WA": { "price": 2.75, "discountRate": 50, "promo": "", "orgPrice": 5.5 },
      "TAS": {
        "price": 2.75,
        "discountRate": 50,
        "promo": "",
        "orgPrice": 5.5
      },
      "ACT": {
        "price": 2.75,
        "discountRate": 50,
        "promo": "",
        "orgPrice": 5.5
      },
      "NT": { "price": 2.89, "discountRate": 50, "promo": "", "orgPrice": 5.78 }
    },
    "categoryIds": ["c-pantry", "c-drinks"],
    "similarProducts": []
  },
  {
    "id": "lipton-real-iced-tea-black-tea-peach-apricot",
    "name": "Real Iced Tea Black Tea Peach & Apricot",
    "brand": "Lipton",
    "imageUrls": [
      "https://shop.coles.com.au/wcsstore/Coles-CAS/images/3/7/1/3712722.jpg"
    ],
    "storeId": "coles",
    "packageSize": "15 pack",
    "cupPrice": "$0.18 per 1Ea",
    "locations": {
      "VIC": {
        "price": 2.75,
        "discountRate": 50,
        "promo": "",
        "orgPrice": 5.5
      },
      "SA": { "price": 2.75, "discountRate": 50, "promo": "", "orgPrice": 5.5 },
      "QLD": {
        "price": 2.75,
        "discountRate": 50,
        "promo": "",
        "orgPrice": 5.5
      },
      "NSW": {
        "price": 2.75,
        "discountRate": 50,
        "promo": "",
        "orgPrice": 5.5
      },
      "WA": { "price": 2.75, "discountRate": 50, "promo": "", "orgPrice": 5.5 },
      "TAS": {
        "price": 2.75,
        "discountRate": 50,
        "promo": "",
        "orgPrice": 5.5
      },
      "ACT": {
        "price": 2.75,
        "discountRate": 50,
        "promo": "",
        "orgPrice": 5.5
      },
      "NT": { "price": 2.89, "discountRate": 50, "promo": "", "orgPrice": 5.78 }
    },
    "categoryIds": ["c-pantry", "c-drinks"],
    "similarProducts": []
  },
  {
    "id": "lipton-real-iced-tea-gren-tea-rose-eldflwer",
    "name": "Real Iced Tea Green Tea Rose & Elderflower",
    "brand": "Lipton",
    "imageUrls": [
      "https://shop.coles.com.au/wcsstore/Coles-CAS/images/3/7/1/3712347.jpg"
    ],
    "storeId": "coles",
    "packageSize": "15 pack",
    "cupPrice": "$0.18 per 1Ea",
    "locations": {
      "VIC": {
        "price": 2.75,
        "discountRate": 50,
        "promo": "",
        "orgPrice": 5.5
      },
      "SA": { "price": 2.75, "discountRate": 50, "promo": "", "orgPrice": 5.5 },
      "QLD": {
        "price": 2.75,
        "discountRate": 50,
        "promo": "",
        "orgPrice": 5.5
      },
      "NSW": {
        "price": 2.75,
        "discountRate": 50,
        "promo": "",
        "orgPrice": 5.5
      },
      "WA": { "price": 2.75, "discountRate": 50, "promo": "", "orgPrice": 5.5 },
      "TAS": {
        "price": 2.75,
        "discountRate": 50,
        "promo": "",
        "orgPrice": 5.5
      },
      "ACT": {
        "price": 2.75,
        "discountRate": 50,
        "promo": "",
        "orgPrice": 5.5
      },
      "NT": { "price": 2.89, "discountRate": 50, "promo": "", "orgPrice": 5.78 }
    },
    "categoryIds": ["c-pantry", "c-drinks"],
    "similarProducts": []
  },
  {
    "id": "lipton-real-iced-tea-black-tea-strawbry-rhubar",
    "name": "Real Iced Tea Black Tea Strawberry Rhubarb",
    "brand": "Lipton",
    "imageUrls": [
      "https://shop.coles.com.au/wcsstore/Coles-CAS/images/3/7/0/3709331.jpg"
    ],
    "storeId": "coles",
    "packageSize": "15 pack",
    "cupPrice": "$0.18 per 1Ea",
    "locations": {
      "VIC": {
        "price": 2.75,
        "discountRate": 50,
        "promo": "",
        "orgPrice": 5.5
      },
      "SA": { "price": 2.75, "discountRate": 50, "promo": "", "orgPrice": 5.5 },
      "QLD": {
        "price": 2.75,
        "discountRate": 50,
        "promo": "",
        "orgPrice": 5.5
      },
      "NSW": {
        "price": 2.75,
        "discountRate": 50,
        "promo": "",
        "orgPrice": 5.5
      },
      "WA": { "price": 2.75, "discountRate": 50, "promo": "", "orgPrice": 5.5 },
      "TAS": {
        "price": 2.75,
        "discountRate": 50,
        "promo": "",
        "orgPrice": 5.5
      },
      "ACT": {
        "price": 2.75,
        "discountRate": 50,
        "promo": "",
        "orgPrice": 5.5
      },
      "NT": { "price": 2.89, "discountRate": 50, "promo": "", "orgPrice": 5.78 }
    },
    "categoryIds": ["c-pantry", "c-drinks"],
    "similarProducts": []
  },
  {
    "id": "naturopathica-fat-blaster-max-tablets",
    "name": "Fat Blaster Max Tablets",
    "brand": "Naturopathica",
    "imageUrls": [
      "https://shop.coles.com.au/wcsstore/Coles-CAS/images/4/3/4/4341819.jpg"
    ],
    "storeId": "coles",
    "packageSize": "60 pack",
    "cupPrice": "$33.33 per 100Ea",
    "locations": {
      "VIC": { "price": 20, "discountRate": 50, "promo": "", "orgPrice": 40 },
      "SA": { "price": 20, "discountRate": 50, "promo": "", "orgPrice": 40 },
      "QLD": { "price": 20, "discountRate": 50, "promo": "", "orgPrice": 40 },
      "NSW": { "price": 20, "discountRate": 50, "promo": "", "orgPrice": 40 },
      "WA": { "price": 20, "discountRate": 50, "promo": "", "orgPrice": 40 },
      "TAS": { "price": 20, "discountRate": 50, "promo": "", "orgPrice": 40 },
      "ACT": { "price": 20, "discountRate": 50, "promo": "", "orgPrice": 40 },
      "NT": { "price": 21, "discountRate": 50, "promo": "", "orgPrice": 42 }
    },
    "categoryIds": ["c-pantry", "c-healthy-living"],
    "similarProducts": []
  },
  {
    "id": "naturopathica-fat-blaster-garciniamax-supplement",
    "name": "Fat Blaster Garcinia Max Supplement",
    "brand": "Naturopathica",
    "imageUrls": [
      "https://shop.coles.com.au/wcsstore/Coles-CAS/images/2/0/1/2015723.jpg"
    ],
    "storeId": "coles",
    "packageSize": "60 pack",
    "cupPrice": "$0.25 per 1Ea",
    "locations": {
      "VIC": { "price": 15, "discountRate": 50, "promo": "", "orgPrice": 30 },
      "SA": { "price": 15, "discountRate": 50, "promo": "", "orgPrice": 30 },
      "QLD": { "price": 15, "discountRate": 50, "promo": "", "orgPrice": 30 },
      "NSW": { "price": 15, "discountRate": 50, "promo": "", "orgPrice": 30 },
      "WA": { "price": 15, "discountRate": 50, "promo": "", "orgPrice": 30 },
      "TAS": { "price": 15, "discountRate": 50, "promo": "", "orgPrice": 30 },
      "ACT": { "price": 15, "discountRate": 50, "promo": "", "orgPrice": 30 },
      "NT": {
        "price": 15.75,
        "discountRate": 50,
        "promo": "",
        "orgPrice": 31.5
      }
    },
    "categoryIds": ["c-pantry", "c-healthy-living"],
    "similarProducts": []
  },
  {
    "id": "naturopathica-fat-blaster-less-sugar-choc-shake",
    "name": "Fat Blaster Less Sugar Chocolate Shake",
    "brand": "Naturopathica",
    "imageUrls": [
      "https://shop.coles.com.au/wcsstore/Coles-CAS/images/3/1/3/3139186.jpg"
    ],
    "storeId": "coles",
    "packageSize": "430g",
    "cupPrice": "$2.33 per 100G",
    "locations": {
      "VIC": { "price": 10, "discountRate": 50, "promo": "", "orgPrice": 20 },
      "SA": { "price": 10, "discountRate": 50, "promo": "", "orgPrice": 20 },
      "QLD": { "price": 10, "discountRate": 50, "promo": "", "orgPrice": 20 },
      "NSW": { "price": 10, "discountRate": 50, "promo": "", "orgPrice": 20 },
      "WA": { "price": 10, "discountRate": 50, "promo": "", "orgPrice": 20 },
      "TAS": { "price": 10, "discountRate": 50, "promo": "", "orgPrice": 20 },
      "ACT": { "price": 10, "discountRate": 50, "promo": "", "orgPrice": 20 },
      "NT": { "price": 10.5, "discountRate": 50, "promo": "", "orgPrice": 21 }
    },
    "categoryIds": ["c-pantry", "c-healthy-living"],
    "similarProducts": []
  },
  {
    "id": "naturopathica--fat-blaster-30-less-sugar-raspberry-ripple-shake",
    "name": "Fat Blaster 30% Less Sugar Raspberry Ripple Shake",
    "brand": "Naturopathica",
    "imageUrls": [
      "https://shop.coles.com.au/wcsstore/Coles-CAS/images/3/1/3/3139222.jpg"
    ],
    "storeId": "coles",
    "packageSize": "430g",
    "cupPrice": "$2.33 per 100G",
    "locations": {
      "VIC": { "price": 10, "discountRate": 50, "promo": "", "orgPrice": 20 },
      "SA": { "price": 10, "discountRate": 50, "promo": "", "orgPrice": 20 },
      "QLD": { "price": 10, "discountRate": 50, "promo": "", "orgPrice": 20 },
      "NSW": { "price": 10, "discountRate": 50, "promo": "", "orgPrice": 20 },
      "WA": { "price": 10, "discountRate": 50, "promo": "", "orgPrice": 20 },
      "TAS": { "price": 10, "discountRate": 50, "promo": "", "orgPrice": 20 },
      "ACT": { "price": 10, "discountRate": 50, "promo": "", "orgPrice": 20 },
      "NT": { "price": 10.5, "discountRate": 50, "promo": "", "orgPrice": 21 }
    },
    "categoryIds": ["c-pantry", "c-healthy-living"],
    "similarProducts": []
  },
  {
    "id": "naturopathica-fat-blaster-30-less-sugar-mocha-shake",
    "name": "Fat Blaster 30% Less Sugar Mocha Shake",
    "brand": "Naturopathica",
    "imageUrls": [
      "https://shop.coles.com.au/wcsstore/Coles-CAS/images/3/1/3/3139211.jpg"
    ],
    "storeId": "coles",
    "packageSize": "430g",
    "cupPrice": "$2.33 per 100G",
    "locations": {
      "VIC": { "price": 10, "discountRate": 50, "promo": "", "orgPrice": 20 },
      "SA": { "price": 10, "discountRate": 50, "promo": "", "orgPrice": 20 },
      "QLD": { "price": 10, "discountRate": 50, "promo": "", "orgPrice": 20 },
      "NSW": { "price": 10, "discountRate": 50, "promo": "", "orgPrice": 20 },
      "WA": { "price": 10, "discountRate": 50, "promo": "", "orgPrice": 20 },
      "TAS": { "price": 10, "discountRate": 50, "promo": "", "orgPrice": 20 },
      "ACT": { "price": 10, "discountRate": 50, "promo": "", "orgPrice": 20 },
      "NT": { "price": 10.5, "discountRate": 50, "promo": "", "orgPrice": 21 }
    },
    "categoryIds": ["c-pantry", "c-healthy-living"],
    "similarProducts": []
  },
  {
    "id": "naturopathica-fat-blaster-less-sugar-vanilla-shake",
    "name": "Fat Blaster Less Sugar Vanilla Shake",
    "brand": "Naturopathica",
    "imageUrls": [
      "https://shop.coles.com.au/wcsstore/Coles-CAS/images/3/1/3/3139200.jpg"
    ],
    "storeId": "coles",
    "packageSize": "430g",
    "cupPrice": "$2.33 per 100G",
    "locations": {
      "VIC": { "price": 10, "discountRate": 50, "promo": "", "orgPrice": 20 },
      "SA": { "price": 10, "discountRate": 50, "promo": "", "orgPrice": 20 },
      "QLD": { "price": 10, "discountRate": 50, "promo": "", "orgPrice": 20 },
      "NSW": { "price": 10, "discountRate": 50, "promo": "", "orgPrice": 20 },
      "WA": { "price": 10, "discountRate": 50, "promo": "", "orgPrice": 20 },
      "TAS": { "price": 10, "discountRate": 50, "promo": "", "orgPrice": 20 },
      "ACT": { "price": 10, "discountRate": 50, "promo": "", "orgPrice": 20 },
      "NT": { "price": 10.5, "discountRate": 50, "promo": "", "orgPrice": 21 }
    },
    "categoryIds": ["c-pantry", "c-healthy-living"],
    "similarProducts": []
  },
  {
    "id": "naturopathica-fat-blaster-keto-fit-choc-shake",
    "name": "Fat Blaster Chocolate Flavour Keto Fit Protein Shake Mix",
    "brand": "Naturopathica",
    "imageUrls": [
      "https://shop.coles.com.au/wcsstore/Coles-CAS/images/3/4/7/3478046.jpg"
    ],
    "storeId": "coles",
    "packageSize": "300g",
    "cupPrice": "$5.00 per 100G",
    "locations": {
      "VIC": { "price": 15, "discountRate": 50, "promo": "", "orgPrice": 30 },
      "SA": { "price": 15, "discountRate": 50, "promo": "", "orgPrice": 30 },
      "QLD": { "price": 15, "discountRate": 50, "promo": "", "orgPrice": 30 },
      "NSW": { "price": 15, "discountRate": 50, "promo": "", "orgPrice": 30 },
      "WA": { "price": 15, "discountRate": 50, "promo": "", "orgPrice": 30 },
      "TAS": { "price": 15, "discountRate": 50, "promo": "", "orgPrice": 30 },
      "ACT": { "price": 15, "discountRate": 50, "promo": "", "orgPrice": 30 },
      "NT": {
        "price": 15.75,
        "discountRate": 50,
        "promo": "",
        "orgPrice": 31.5
      }
    },
    "categoryIds": ["c-pantry", "c-healthy-living"],
    "similarProducts": []
  },
  {
    "id": "peckish-puff-bites-rice-snacks-soy-chicken",
    "name": "Gluten Free Puff Bites Rice Snacks Soy Chicken",
    "brand": "Peckish",
    "imageUrls": [
      "https://shop.coles.com.au/wcsstore/Coles-CAS/images/3/4/6/3468585.jpg"
    ],
    "storeId": "coles",
    "packageSize": "80g",
    "cupPrice": "$1.56 per 100G",
    "locations": {
      "VIC": {
        "price": 1.25,
        "discountRate": 50,
        "promo": "",
        "orgPrice": 2.5
      },
      "SA": { "price": 1.25, "discountRate": 50, "promo": "", "orgPrice": 2.5 },
      "QLD": {
        "price": 1.25,
        "discountRate": 50,
        "promo": "",
        "orgPrice": 2.5
      },
      "NSW": {
        "price": 1.25,
        "discountRate": 50,
        "promo": "",
        "orgPrice": 2.5
      },
      "WA": { "price": 1.25, "discountRate": 50, "promo": "", "orgPrice": 2.5 },
      "TAS": {
        "price": 1.25,
        "discountRate": 50,
        "promo": "",
        "orgPrice": 2.5
      },
      "ACT": {
        "price": 1.25,
        "discountRate": 50,
        "promo": "",
        "orgPrice": 2.5
      },
      "NT": { "price": 1.31, "discountRate": 50, "promo": "", "orgPrice": 2.63 }
    },
    "categoryIds": ["c-pantry"],
    "similarProducts": []
  },
  {
    "id": "peckish-fancies-rice-cracker-tomato-basil",
    "name": "Gluten Free Fancies Vine Tomatoes & Basil Rice Crackers",
    "brand": "Peckish",
    "imageUrls": [
      "https://shop.coles.com.au/wcsstore/Coles-CAS/images/3/4/6/3468519.jpg"
    ],
    "storeId": "coles",
    "packageSize": "90g",
    "cupPrice": "$1.56 per 100G",
    "locations": {
      "VIC": { "price": 1.4, "discountRate": 50, "promo": "", "orgPrice": 2.8 },
      "SA": { "price": 1.4, "discountRate": 50, "promo": "", "orgPrice": 2.8 },
      "QLD": { "price": 1.4, "discountRate": 50, "promo": "", "orgPrice": 2.8 },
      "NSW": { "price": 1.4, "discountRate": 50, "promo": "", "orgPrice": 2.8 },
      "WA": { "price": 1.4, "discountRate": 50, "promo": "", "orgPrice": 2.8 },
      "ACT": { "price": 1.4, "discountRate": 50, "promo": "", "orgPrice": 2.8 },
      "NT": { "price": 1.47, "discountRate": 50, "promo": "", "orgPrice": 2.94 }
    },
    "categoryIds": ["c-pantry"],
    "similarProducts": []
  },
  {
    "id": "peckish-fancies-rice-cracker-parmesn-herb",
    "name": "Fancies Parmesan & Herbs Rice Crackers",
    "brand": "Peckish",
    "imageUrls": [
      "https://shop.coles.com.au/wcsstore/Coles-CAS/images/3/4/6/3468520.jpg"
    ],
    "storeId": "coles",
    "packageSize": "90g",
    "cupPrice": "$1.56 per 100G",
    "locations": {
      "VIC": { "price": 1.4, "discountRate": 50, "promo": "", "orgPrice": 2.8 },
      "SA": { "price": 1.4, "discountRate": 50, "promo": "", "orgPrice": 2.8 },
      "QLD": { "price": 1.4, "discountRate": 50, "promo": "", "orgPrice": 2.8 },
      "NSW": { "price": 1.4, "discountRate": 50, "promo": "", "orgPrice": 2.8 },
      "WA": { "price": 1.4, "discountRate": 50, "promo": "", "orgPrice": 2.8 },
      "TAS": { "price": 1.4, "discountRate": 50, "promo": "", "orgPrice": 2.8 },
      "ACT": { "price": 1.4, "discountRate": 50, "promo": "", "orgPrice": 2.8 },
      "NT": { "price": 1.47, "discountRate": 50, "promo": "", "orgPrice": 2.94 }
    },
    "categoryIds": ["c-pantry"],
    "similarProducts": []
  },
  {
    "id": "peckish-puff-bites-rice-snacks-salt-vinegar",
    "name": "Puff Bites Rice Snacks Salt Vinegar",
    "brand": "Peckish",
    "imageUrls": [
      "https://shop.coles.com.au/wcsstore/Coles-CAS/images/3/7/6/3763304.jpg"
    ],
    "storeId": "coles",
    "packageSize": "",
    "cupPrice": "",
    "locations": {
      "VIC": {
        "price": 1.25,
        "discountRate": 50,
        "promo": "",
        "orgPrice": 2.5
      },
      "SA": { "price": 1.25, "discountRate": 50, "promo": "", "orgPrice": 2.5 },
      "QLD": {
        "price": 1.25,
        "discountRate": 50,
        "promo": "",
        "orgPrice": 2.5
      },
      "NSW": {
        "price": 1.25,
        "discountRate": 50,
        "promo": "",
        "orgPrice": 2.5
      },
      "WA": { "price": 1.25, "discountRate": 50, "promo": "", "orgPrice": 2.5 },
      "TAS": {
        "price": 1.25,
        "discountRate": 50,
        "promo": "",
        "orgPrice": 2.5
      },
      "ACT": {
        "price": 1.25,
        "discountRate": 50,
        "promo": "",
        "orgPrice": 2.5
      },
      "NT": { "price": 1.31, "discountRate": 50, "promo": "", "orgPrice": 2.63 }
    },
    "categoryIds": ["c-pantry"],
    "similarProducts": []
  },
  {
    "id": "peckish-fancies-rice-crackers-honey-soy",
    "name": "Fancies Rice Crackers Honey & Soy",
    "brand": "Peckish",
    "imageUrls": [
      "https://shop.coles.com.au/wcsstore/Coles-CAS/images/3/7/6/3763235.jpg"
    ],
    "storeId": "coles",
    "packageSize": "",
    "cupPrice": "",
    "locations": {
      "VIC": { "price": 1.4, "discountRate": 50, "promo": "", "orgPrice": 2.8 },
      "SA": { "price": 1.4, "discountRate": 50, "promo": "", "orgPrice": 2.8 },
      "QLD": { "price": 1.4, "discountRate": 50, "promo": "", "orgPrice": 2.8 },
      "NSW": { "price": 1.4, "discountRate": 50, "promo": "", "orgPrice": 2.8 },
      "WA": { "price": 1.4, "discountRate": 50, "promo": "", "orgPrice": 2.8 },
      "TAS": { "price": 1.4, "discountRate": 50, "promo": "", "orgPrice": 2.8 },
      "ACT": { "price": 1.4, "discountRate": 50, "promo": "", "orgPrice": 2.8 },
      "NT": { "price": 1.47, "discountRate": 48, "promo": "", "orgPrice": 2.8 }
    },
    "categoryIds": ["c-pantry"],
    "similarProducts": []
  },
  {
    "id": "peckish-fancies-rice-smokey-bbq-cracked-pepper",
    "name": "Fancies Rice Smokey BBQ & Cracked Pepper",
    "brand": "Peckish",
    "imageUrls": [
      "https://shop.coles.com.au/wcsstore/Coles-CAS/images/3/7/6/3763257.jpg"
    ],
    "storeId": "coles",
    "packageSize": "90g",
    "cupPrice": "$1.56 per 100G",
    "locations": {
      "VIC": { "price": 1.4, "discountRate": 50, "promo": "", "orgPrice": 2.8 },
      "SA": { "price": 1.4, "discountRate": 50, "promo": "", "orgPrice": 2.8 },
      "QLD": { "price": 1.4, "discountRate": 50, "promo": "", "orgPrice": 2.8 },
      "NSW": { "price": 1.4, "discountRate": 50, "promo": "", "orgPrice": 2.8 },
      "WA": { "price": 1.4, "discountRate": 50, "promo": "", "orgPrice": 2.8 },
      "TAS": { "price": 1.4, "discountRate": 50, "promo": "", "orgPrice": 2.8 },
      "ACT": { "price": 1.4, "discountRate": 50, "promo": "", "orgPrice": 2.8 },
      "NT": { "price": 1.47, "discountRate": 48, "promo": "", "orgPrice": 2.8 }
    },
    "categoryIds": ["c-pantry"],
    "similarProducts": []
  },
  {
    "id": "peckish-fancies-jalapeno-chilli-cheddar-rice-crackers",
    "name": "Fancies Jalapeno Chilli & Cheddar Rice Crackers",
    "brand": "Peckish",
    "imageUrls": [
      "https://shop.coles.com.au/wcsstore/Coles-CAS/images/3/7/6/3763246.jpg"
    ],
    "storeId": "coles",
    "packageSize": "90g",
    "cupPrice": "$1.56 per 100G",
    "locations": {
      "VIC": { "price": 1.4, "discountRate": 50, "promo": "", "orgPrice": 2.8 },
      "SA": { "price": 1.4, "discountRate": 50, "promo": "", "orgPrice": 2.8 },
      "QLD": { "price": 1.4, "discountRate": 50, "promo": "", "orgPrice": 2.8 },
      "NSW": { "price": 1.4, "discountRate": 50, "promo": "", "orgPrice": 2.8 },
      "WA": { "price": 1.4, "discountRate": 50, "promo": "", "orgPrice": 2.8 },
      "TAS": { "price": 1.4, "discountRate": 50, "promo": "", "orgPrice": 2.8 },
      "ACT": { "price": 1.4, "discountRate": 50, "promo": "", "orgPrice": 2.8 },
      "NT": { "price": 1.47, "discountRate": 48, "promo": "", "orgPrice": 2.8 }
    },
    "categoryIds": ["c-pantry"],
    "similarProducts": []
  },
  {
    "id": "red-rock-deli-tortilla-chips-tomato-relish",
    "name": "Tomato Relish Tortilla Chips",
    "brand": "Red Rock Deli",
    "imageUrls": [
      "https://shop.coles.com.au/wcsstore/Coles-CAS/images/3/7/9/3797361.jpg"
    ],
    "storeId": "coles",
    "packageSize": "165g",
    "cupPrice": "$1.41 per 100G",
    "locations": {
      "VIC": {
        "price": 2.32,
        "discountRate": 50,
        "promo": "",
        "orgPrice": 4.65
      },
      "SA": {
        "price": 2.32,
        "discountRate": 50,
        "promo": "",
        "orgPrice": 4.65
      },
      "QLD": {
        "price": 2.32,
        "discountRate": 50,
        "promo": "",
        "orgPrice": 4.65
      },
      "NSW": {
        "price": 2.32,
        "discountRate": 50,
        "promo": "",
        "orgPrice": 4.65
      },
      "WA": {
        "price": 2.32,
        "discountRate": 50,
        "promo": "",
        "orgPrice": 4.65
      },
      "TAS": {
        "price": 2.32,
        "discountRate": 50,
        "promo": "",
        "orgPrice": 4.65
      },
      "ACT": {
        "price": 2.32,
        "discountRate": 50,
        "promo": "",
        "orgPrice": 4.65
      },
      "NT": { "price": 2.44, "discountRate": 50, "promo": "", "orgPrice": 4.88 }
    },
    "categoryIds": ["c-pantry"],
    "similarProducts": []
  },
  {
    "id": "simply-wize-gluten-free-mix-bread-crusty",
    "name": "Gluten Free Crusty Bread",
    "brand": "Simply Wize",
    "imageUrls": [
      "https://shop.coles.com.au/wcsstore/Coles-CAS/images/7/4/8/7482748.jpg"
    ],
    "storeId": "coles",
    "packageSize": "330g",
    "cupPrice": "$0.91 per 100G",
    "locations": {
      "VIC": { "price": 3, "discountRate": 50, "promo": "", "orgPrice": 6 },
      "SA": {
        "price": 3.5,
        "discountRate": 51,
        "promo": "",
        "orgPrice": 7.1899999999999995
      },
      "QLD": { "price": 3, "discountRate": 50, "promo": "", "orgPrice": 6 },
      "NSW": { "price": 3, "discountRate": 50, "promo": "", "orgPrice": 6 },
      "TAS": { "price": 3.6, "discountRate": 50, "promo": "", "orgPrice": 7.2 },
      "ACT": { "price": 3, "discountRate": 50, "promo": "", "orgPrice": 6 },
      "NT": { "price": 3.75, "discountRate": 50, "promo": "", "orgPrice": 7.55 }
    },
    "categoryIds": ["c-pantry", "c-healthy-living"],
    "similarProducts": []
  },
  {
    "id": "smiths-crinkle-potato-chips-sth-fried-chicken",
    "name": "Crinkle Cut Chips Southern Fried",
    "brand": "Smith's",
    "imageUrls": [
      "https://shop.coles.com.au/wcsstore/Coles-CAS/images/3/5/6/3566846.jpg"
    ],
    "storeId": "coles",
    "packageSize": "150g",
    "cupPrice": "$1.17 per 100G",
    "locations": {
      "VIC": {
        "price": 1.75,
        "discountRate": 50,
        "promo": "",
        "orgPrice": 3.5
      },
      "SA": { "price": 1.75, "discountRate": 50, "promo": "", "orgPrice": 3.5 },
      "QLD": {
        "price": 1.75,
        "discountRate": 50,
        "promo": "",
        "orgPrice": 3.5
      },
      "NSW": {
        "price": 1.75,
        "discountRate": 50,
        "promo": "",
        "orgPrice": 3.5
      },
      "WA": { "price": 1.75, "discountRate": 50, "promo": "", "orgPrice": 3.5 },
      "TAS": {
        "price": 1.75,
        "discountRate": 50,
        "promo": "",
        "orgPrice": 3.5
      },
      "ACT": {
        "price": 1.75,
        "discountRate": 50,
        "promo": "",
        "orgPrice": 3.5
      },
      "NT": {
        "price": 1.75,
        "discountRate": 52,
        "promo": "",
        "orgPrice": 3.6799999999999997
      }
    },
    "categoryIds": ["c-pantry"],
    "similarProducts": []
  },
  {
    "id": "toblerone-milk-chocolate-5172284p",
    "name": "Milk Chocolate Bar",
    "brand": "Toblerone",
    "imageUrls": [
      "https://shop.coles.com.au/wcsstore/Coles-CAS/images/5/1/7/5172284.jpg"
    ],
    "storeId": "coles",
    "packageSize": "50g",
    "cupPrice": "$1.70 per 100G",
    "locations": {
      "VIC": { "price": 0.85, "discountRate": 58, "promo": "", "orgPrice": 2 },
      "SA": { "price": 0.85, "discountRate": 58, "promo": "", "orgPrice": 2 },
      "QLD": { "price": 0.85, "discountRate": 58, "promo": "", "orgPrice": 2 },
      "NSW": { "price": 0.85, "discountRate": 58, "promo": "", "orgPrice": 2 },
      "WA": { "price": 0.85, "discountRate": 58, "promo": "", "orgPrice": 2 },
      "TAS": { "price": 0.85, "discountRate": 58, "promo": "", "orgPrice": 2 },
      "ACT": { "price": 0.85, "discountRate": 58, "promo": "", "orgPrice": 2 },
      "NT": { "price": 0.85, "discountRate": 60, "promo": "", "orgPrice": 2.1 }
    },
    "categoryIds": ["c-pantry"],
    "similarProducts": []
  },
  {
    "id": "connoisseur-australian-pint-flav-bush-honey",
    "name": "Bush Honey & Nougat Gourmet Ice Cream Tub",
    "brand": "Connoisseur",
    "imageUrls": [
      "https://shop.coles.com.au/wcsstore/Coles-CAS/images/3/5/4/3544446.jpg"
    ],
    "storeId": "coles",
    "packageSize": "470mL",
    "cupPrice": "$1.06 per 100mL",
    "locations": {
      "VIC": { "price": 5, "discountRate": 50, "promo": "", "orgPrice": 10 },
      "SA": { "price": 5, "discountRate": 50, "promo": "", "orgPrice": 10 },
      "QLD": { "price": 5, "discountRate": 50, "promo": "", "orgPrice": 10 },
      "NSW": { "price": 5, "discountRate": 50, "promo": "", "orgPrice": 10 },
      "WA": { "price": 5, "discountRate": 50, "promo": "", "orgPrice": 10 },
      "TAS": { "price": 5, "discountRate": 50, "promo": "", "orgPrice": 10 },
      "ACT": { "price": 5, "discountRate": 50, "promo": "", "orgPrice": 10 },
      "NT": { "price": 5, "discountRate": 54, "promo": "", "orgPrice": 10.8 }
    },
    "categoryIds": ["c-frozen"],
    "similarProducts": []
  },
  {
    "id": "hong-kong-dim-sim-kitchen-bbq-pork-buns",
    "name": "Frozen BBQ Pork Buns 6 Pieces",
    "brand": "Hong Kong Dim Sim Kitchen",
    "imageUrls": [
      "https://shop.coles.com.au/wcsstore/Coles-CAS/images/2/3/5/2356688.jpg"
    ],
    "storeId": "coles",
    "packageSize": "200g",
    "cupPrice": "$1.25 per 100G",
    "locations": {
      "VIC": { "price": 2.5, "discountRate": 50, "promo": "", "orgPrice": 5 },
      "SA": { "price": 2.5, "discountRate": 50, "promo": "", "orgPrice": 5 },
      "QLD": { "price": 2.5, "discountRate": 50, "promo": "", "orgPrice": 5 },
      "NSW": { "price": 2.5, "discountRate": 50, "promo": "", "orgPrice": 5 },
      "WA": { "price": 2.5, "discountRate": 50, "promo": "", "orgPrice": 5 },
      "TAS": { "price": 2.5, "discountRate": 50, "promo": "", "orgPrice": 5 },
      "ACT": { "price": 2.5, "discountRate": 50, "promo": "", "orgPrice": 5 },
      "NT": { "price": 2.7, "discountRate": 50, "promo": "", "orgPrice": 5.4 }
    },
    "categoryIds": ["c-frozen"],
    "similarProducts": []
  },
  {
    "id": "hong-kong-dim-sim-kitchen-siu-my-bites",
    "name": "Frozen Siu Mai 10 Pieces",
    "brand": "Hong Kong Dim Sim Kitchen",
    "imageUrls": [
      "https://shop.coles.com.au/wcsstore/Coles-CAS/images/2/3/5/2356702.jpg"
    ],
    "storeId": "coles",
    "packageSize": "200g",
    "cupPrice": "$1.25 per 100G",
    "locations": {
      "VIC": { "price": 2.5, "discountRate": 50, "promo": "", "orgPrice": 5 },
      "SA": { "price": 2.5, "discountRate": 50, "promo": "", "orgPrice": 5 },
      "QLD": { "price": 2.5, "discountRate": 50, "promo": "", "orgPrice": 5 },
      "NSW": { "price": 2.5, "discountRate": 50, "promo": "", "orgPrice": 5 },
      "WA": { "price": 2.5, "discountRate": 50, "promo": "", "orgPrice": 5 },
      "TAS": { "price": 2.5, "discountRate": 50, "promo": "", "orgPrice": 5 },
      "ACT": { "price": 2.5, "discountRate": 50, "promo": "", "orgPrice": 5 },
      "NT": { "price": 2.7, "discountRate": 50, "promo": "", "orgPrice": 5.4 }
    },
    "categoryIds": ["c-frozen"],
    "similarProducts": []
  },
  {
    "id": "morningstar-farms-grillers-classic-mince",
    "name": "Grillers Classic Mince",
    "brand": "Morningstar Farms",
    "imageUrls": [
      "https://shop.coles.com.au/wcsstore/Coles-CAS/images/3/7/3/3734816.jpg"
    ],
    "storeId": "coles",
    "packageSize": "340g",
    "cupPrice": "$1.18 per 100G",
    "locations": {
      "VIC": { "price": 4, "discountRate": 50, "promo": "", "orgPrice": 8 },
      "SA": { "price": 4, "discountRate": 50, "promo": "", "orgPrice": 8 },
      "QLD": { "price": 4, "discountRate": 50, "promo": "", "orgPrice": 8 },
      "NSW": { "price": 4, "discountRate": 50, "promo": "", "orgPrice": 8 },
      "WA": { "price": 4, "discountRate": 50, "promo": "", "orgPrice": 8 },
      "TAS": { "price": 4, "discountRate": 50, "promo": "", "orgPrice": 8 },
      "ACT": { "price": 4, "discountRate": 50, "promo": "", "orgPrice": 8 },
      "NT": { "price": 4.32, "discountRate": 50, "promo": "", "orgPrice": 8.64 }
    },
    "categoryIds": ["c-frozen"],
    "similarProducts": []
  },
  {
    "id": "hersheys-reeses-peanut-butter-tub",
    "name": "Peanut Butter Chocolate Ice Cream Tub",
    "brand": "Reese's",
    "imageUrls": [
      "https://shop.coles.com.au/wcsstore/Coles-CAS/images/3/4/0/3407274.jpg"
    ],
    "storeId": "coles",
    "packageSize": "473mL",
    "cupPrice": "$0.90 per 100mL",
    "categoryIds": ["c-frozen"],
    "similarProducts": [],
    "locations": {
      "ALL": { "price": 4.25, "discountRate": 50, "promo": "", "orgPrice": 8.5 }
    }
  },
  {
    "id": "frantelle-sparkling-lime-lemon-water",
    "name": "Lime & Lemon Essence Sparkling Water Cans 375mL",
    "brand": "Frantelle",
    "imageUrls": [
      "https://shop.coles.com.au/wcsstore/Coles-CAS/images/3/2/7/3278841.jpg"
    ],
    "storeId": "coles",
    "packageSize": "10 pack",
    "cupPrice": "$1.47 per 1L",
    "locations": {
      "VIC": {
        "price": 5.52,
        "discountRate": 52,
        "promo": "",
        "orgPrice": 11.55
      },
      "SA": { "price": 7, "discountRate": 45, "promo": "", "orgPrice": 12.75 },
      "NSW": { "price": 7, "discountRate": 45, "promo": "", "orgPrice": 12.75 },
      "TAS": {
        "price": 5.52,
        "discountRate": 52,
        "promo": "",
        "orgPrice": 11.55
      },
      "ACT": { "price": 7, "discountRate": 45, "promo": "", "orgPrice": 12.75 },
      "NT": { "price": 7, "discountRate": 48, "promo": "", "orgPrice": 13.39 }
    },
    "categoryIds": ["c-drinks"],
    "similarProducts": []
  },
  {
    "id": "frantelle-sparkling-rasp-blackcurrant-water",
    "name": "Raspberry &  Blackcurrant Essence Sparkling Water Cans 375mL",
    "brand": "Frantelle",
    "imageUrls": [
      "https://shop.coles.com.au/wcsstore/Coles-CAS/images/3/2/7/3278863.jpg"
    ],
    "storeId": "coles",
    "packageSize": "10 pack",
    "cupPrice": "$1.47 per 1L",
    "locations": {
      "VIC": {
        "price": 5.52,
        "discountRate": 53,
        "promo": "",
        "orgPrice": 11.649999999999999
      },
      "QLD": { "price": 7, "discountRate": 46, "promo": "", "orgPrice": 13 },
      "NSW": { "price": 7, "discountRate": 45, "promo": "", "orgPrice": 12.75 },
      "TAS": {
        "price": 5.52,
        "discountRate": 53,
        "promo": "",
        "orgPrice": 11.649999999999999
      },
      "NT": { "price": 7, "discountRate": 48, "promo": "", "orgPrice": 13.39 }
    },
    "categoryIds": ["c-drinks"],
    "similarProducts": []
  },
  {
    "id": "frantelle-sparkling-pineapple-orange-water",
    "name": "Pineapple & Orange Essence Sparkling Water Cans 375mL",
    "brand": "Frantelle",
    "imageUrls": [
      "https://shop.coles.com.au/wcsstore/Coles-CAS/images/3/2/7/3278852.jpg"
    ],
    "storeId": "coles",
    "packageSize": "10 pack",
    "cupPrice": "$1.47 per 1L",
    "locations": {
      "VIC": {
        "price": 5.52,
        "discountRate": 52,
        "promo": "",
        "orgPrice": 11.55
      },
      "SA": { "price": 7, "discountRate": 45, "promo": "", "orgPrice": 12.75 },
      "QLD": { "price": 7, "discountRate": 46, "promo": "", "orgPrice": 13 },
      "NSW": { "price": 7, "discountRate": 45, "promo": "", "orgPrice": 12.75 },
      "WA": {
        "price": 5.52,
        "discountRate": 52,
        "promo": "",
        "orgPrice": 11.55
      },
      "TAS": {
        "price": 5.52,
        "discountRate": 52,
        "promo": "",
        "orgPrice": 11.55
      },
      "NT": { "price": 7, "discountRate": 48, "promo": "", "orgPrice": 13.39 }
    },
    "categoryIds": ["c-drinks"],
    "similarProducts": []
  },
  {
    "id": "deep-spring-mineral-water-pine-grap",
    "name": "Pineapple & Pink Grapefruit Sparkling Natural Mineral Water",
    "brand": "Deep Spring",
    "imageUrls": [
      "https://shop.coles.com.au/wcsstore/Coles-CAS/images/3/5/9/3595120.jpg"
    ],
    "storeId": "coles",
    "packageSize": "1.25L",
    "cupPrice": "$0.80 per 1L",
    "locations": {
      "VIC": { "price": 1, "discountRate": 50, "promo": "", "orgPrice": 2 },
      "SA": {
        "price": 1.15,
        "discountRate": 47,
        "promo": "",
        "orgPrice": 2.15
      },
      "QLD": {
        "price": 1.15,
        "discountRate": 47,
        "promo": "",
        "orgPrice": 2.15
      },
      "NSW": {
        "price": 1.15,
        "discountRate": 47,
        "promo": "",
        "orgPrice": 2.15
      },
      "WA": { "price": 1, "discountRate": 50, "promo": "", "orgPrice": 2 },
      "TAS": { "price": 1.1, "discountRate": 45, "promo": "", "orgPrice": 2 },
      "ACT": {
        "price": 1.15,
        "discountRate": 47,
        "promo": "",
        "orgPrice": 2.15
      },
      "NT": { "price": 1.15, "discountRate": 49, "promo": "", "orgPrice": 2.26 }
    },
    "categoryIds": ["c-drinks"],
    "similarProducts": []
  },
  {
    "id": "sunkist-10x375ml-soft-drink-no-sugar",
    "name": "Zero Sugar Soft Drink 375mL",
    "brand": "Sunkist",
    "imageUrls": [
      "https://shop.coles.com.au/wcsstore/Coles-CAS/images/3/5/3/3531150.jpg"
    ],
    "storeId": "coles",
    "packageSize": "10 pack",
    "cupPrice": "$1.47 per 1L",
    "locations": {
      "VIC": {
        "price": 5.52,
        "discountRate": 50,
        "promo": "",
        "orgPrice": 11.05
      },
      "SA": { "price": 7, "discountRate": 43, "promo": "", "orgPrice": 12.3 },
      "QLD": { "price": 7, "discountRate": 44, "promo": "", "orgPrice": 12.45 },
      "NSW": { "price": 7, "discountRate": 44, "promo": "", "orgPrice": 12.4 },
      "WA": {
        "price": 5.52,
        "discountRate": 50,
        "promo": "",
        "orgPrice": 11.05
      },
      "TAS": {
        "price": 5.52,
        "discountRate": 50,
        "promo": "",
        "orgPrice": 11.05
      },
      "ACT": { "price": 7, "discountRate": 44, "promo": "", "orgPrice": 12.4 },
      "NT": { "price": 7, "discountRate": 46, "promo": "", "orgPrice": 12.92 }
    },
    "categoryIds": ["c-drinks"],
    "similarProducts": []
  },
  {
    "id": "cocobella-water-coconut-pineapple",
    "name": "Pineapple Flavour Pure Coconut Water",
    "brand": "Cocobella",
    "imageUrls": [
      "https://shop.coles.com.au/wcsstore/Coles-CAS/images/7/8/8/7881200.jpg"
    ],
    "storeId": "coles",
    "packageSize": "250mL",
    "cupPrice": "$4.00 per 1L",
    "locations": {
      "VIC": { "price": 1, "discountRate": 50, "promo": "", "orgPrice": 2 },
      "SA": {
        "price": 1.12,
        "discountRate": 50,
        "promo": "",
        "orgPrice": 2.25
      },
      "QLD": {
        "price": 1.15,
        "discountRate": 47,
        "promo": "",
        "orgPrice": 2.15
      },
      "NSW": {
        "price": 1.15,
        "discountRate": 47,
        "promo": "",
        "orgPrice": 2.15
      },
      "WA": { "price": 1, "discountRate": 50, "promo": "", "orgPrice": 2 },
      "TAS": { "price": 1, "discountRate": 50, "promo": "", "orgPrice": 2 },
      "ACT": {
        "price": 1.15,
        "discountRate": 47,
        "promo": "",
        "orgPrice": 2.15
      },
      "NT": { "price": 1.18, "discountRate": 50, "promo": "", "orgPrice": 2.36 }
    },
    "categoryIds": ["c-drinks"],
    "similarProducts": []
  },
  {
    "id": "nexba-tonic-water-cans-lemon-lime",
    "name": "Tonic Water Cans Classic 250mL",
    "brand": "Nexba",
    "imageUrls": [
      "https://shop.coles.com.au/wcsstore/Coles-CAS/images/3/7/1/3714262.jpg"
    ],
    "storeId": "coles",
    "packageSize": "4 pack",
    "cupPrice": "$2.70 per 1L",
    "locations": {
      "VIC": { "price": 2.7, "discountRate": 50, "promo": "", "orgPrice": 5.4 },
      "SA": {
        "price": 2.97,
        "discountRate": 50,
        "promo": "",
        "orgPrice": 5.95
      },
      "NSW": {
        "price": 2.97,
        "discountRate": 50,
        "promo": "",
        "orgPrice": 5.95
      },
      "WA": { "price": 2.7, "discountRate": 50, "promo": "", "orgPrice": 5.4 },
      "TAS": { "price": 2.7, "discountRate": 50, "promo": "", "orgPrice": 5.4 },
      "ACT": {
        "price": 2.97,
        "discountRate": 50,
        "promo": "",
        "orgPrice": 5.95
      },
      "NT": { "price": 3.12, "discountRate": 50, "promo": "", "orgPrice": 6.25 }
    },
    "categoryIds": ["c-drinks"],
    "similarProducts": []
  },
  {
    "id": "pepsi-drink-max-raspberry",
    "name": "Max Raspberry Soft Drink",
    "brand": "Pepsi",
    "imageUrls": [
      "https://shop.coles.com.au/wcsstore/Coles-CAS/images/3/2/7/3271150.jpg"
    ],
    "storeId": "coles",
    "packageSize": "1.25L",
    "cupPrice": "$0.88 per 1L",
    "locations": {
      "VIC": { "price": 1.1, "discountRate": 50, "promo": "", "orgPrice": 2.2 },
      "SA": { "price": 1.25, "discountRate": 46, "promo": "", "orgPrice": 2.3 },
      "QLD": {
        "price": 1.25,
        "discountRate": 47,
        "promo": "",
        "orgPrice": 2.35
      },
      "WA": { "price": 1.1, "discountRate": 50, "promo": "", "orgPrice": 2.2 },
      "TAS": { "price": 1.1, "discountRate": 50, "promo": "", "orgPrice": 2.2 },
      "NT": {
        "price": 1.25,
        "discountRate": 49,
        "promo": "",
        "orgPrice": 2.4699999999999998
      }
    },
    "categoryIds": ["c-drinks"],
    "similarProducts": []
  },
  {
    "id": "pure-harvest-hazelnut-unsweetened-milk",
    "name": "Organic Hazel Quench Hazelnut Coconut Milk",
    "brand": "Pure Harvest",
    "imageUrls": [
      "https://shop.coles.com.au/wcsstore/Coles-CAS/images/1/9/4/1949094.jpg"
    ],
    "storeId": "coles",
    "packageSize": "1L",
    "cupPrice": "$1.40 per 1L",
    "locations": {
      "VIC": { "price": 1.4, "discountRate": 61, "promo": "", "orgPrice": 3.6 },
      "SA": { "price": 1.4, "discountRate": 61, "promo": "", "orgPrice": 3.6 },
      "NSW": { "price": 1.4, "discountRate": 61, "promo": "", "orgPrice": 3.6 },
      "WA": { "price": 1.4, "discountRate": 61, "promo": "", "orgPrice": 3.6 },
      "TAS": { "price": 1.4, "discountRate": 61, "promo": "", "orgPrice": 3.6 },
      "ACT": { "price": 1.4, "discountRate": 61, "promo": "", "orgPrice": 3.6 },
      "NT": { "price": 1.4, "discountRate": 63, "promo": "", "orgPrice": 3.78 }
    },
    "categoryIds": ["c-drinks", "c-healthy-living"],
    "similarProducts": []
  },
  {
    "id": "cocobella-water-coconut-pink-guava",
    "name": "Pink Guava Flavour Pure Coconut Water",
    "brand": "Cocobella",
    "imageUrls": [
      "https://shop.coles.com.au/wcsstore/Coles-CAS/images/7/8/8/7881244.jpg"
    ],
    "storeId": "coles",
    "packageSize": "250mL",
    "cupPrice": "$4.00 per 1L",
    "locations": {
      "VIC": { "price": 1, "discountRate": 50, "promo": "", "orgPrice": 2 },
      "SA": {
        "price": 1.12,
        "discountRate": 50,
        "promo": "",
        "orgPrice": 2.25
      },
      "QLD": {
        "price": 1.15,
        "discountRate": 45,
        "promo": "",
        "orgPrice": 2.0999999999999996
      },
      "NSW": {
        "price": 1.15,
        "discountRate": 47,
        "promo": "",
        "orgPrice": 2.15
      },
      "WA": { "price": 1, "discountRate": 50, "promo": "", "orgPrice": 2 },
      "TAS": { "price": 1, "discountRate": 50, "promo": "", "orgPrice": 2 },
      "ACT": {
        "price": 1.15,
        "discountRate": 47,
        "promo": "",
        "orgPrice": 2.15
      },
      "NT": { "price": 1.18, "discountRate": 50, "promo": "", "orgPrice": 2.36 }
    },
    "categoryIds": ["c-drinks"],
    "similarProducts": []
  },
  {
    "id": "deep-spring-mineral-water-lem-lime",
    "name": "Lemon Lime Citrus Sparkling Natural Mineral Water",
    "brand": "Deep Spring",
    "imageUrls": [
      "https://shop.coles.com.au/wcsstore/Coles-CAS/images/3/5/9/3595152.jpg"
    ],
    "storeId": "coles",
    "packageSize": "1.25L",
    "cupPrice": "$0.80 per 1L",
    "locations": {
      "VIC": { "price": 1, "discountRate": 50, "promo": "", "orgPrice": 2 },
      "SA": {
        "price": 1.15,
        "discountRate": 47,
        "promo": "",
        "orgPrice": 2.15
      },
      "QLD": {
        "price": 1.15,
        "discountRate": 47,
        "promo": "",
        "orgPrice": 2.15
      },
      "NSW": {
        "price": 1.15,
        "discountRate": 47,
        "promo": "",
        "orgPrice": 2.15
      },
      "WA": { "price": 1, "discountRate": 50, "promo": "", "orgPrice": 2 },
      "TAS": { "price": 1.1, "discountRate": 45, "promo": "", "orgPrice": 2 },
      "ACT": {
        "price": 1.15,
        "discountRate": 47,
        "promo": "",
        "orgPrice": 2.15
      },
      "NT": { "price": 1.15, "discountRate": 49, "promo": "", "orgPrice": 2.26 }
    },
    "categoryIds": ["c-drinks"],
    "similarProducts": []
  },
  {
    "id": "nexba-sparkling-infusion-sagar-free-lemon",
    "name": "Naturally Sugar Free Lemon Sparkling Infusion",
    "brand": "Nexba",
    "imageUrls": [
      "https://shop.coles.com.au/wcsstore/Coles-CAS/images/3/0/4/3049287.jpg"
    ],
    "storeId": "coles",
    "packageSize": "1L",
    "cupPrice": "$1.25 per 1L",
    "locations": {
      "VIC": {
        "price": 1.25,
        "discountRate": 50,
        "promo": "",
        "orgPrice": 2.5
      },
      "SA": {
        "price": 1.32,
        "discountRate": 50,
        "promo": "",
        "orgPrice": 2.6500000000000004
      },
      "QLD": { "price": 1.3, "discountRate": 50, "promo": "", "orgPrice": 2.6 },
      "NSW": {
        "price": 1.32,
        "discountRate": 50,
        "promo": "",
        "orgPrice": 2.6500000000000004
      },
      "TAS": {
        "price": 1.25,
        "discountRate": 50,
        "promo": "",
        "orgPrice": 2.5
      },
      "ACT": {
        "price": 1.32,
        "discountRate": 50,
        "promo": "",
        "orgPrice": 2.6500000000000004
      },
      "NT": { "price": 1.38, "discountRate": 50, "promo": "", "orgPrice": 2.78 }
    },
    "categoryIds": ["c-drinks"],
    "similarProducts": []
  },
  {
    "id": "nexba-tonic-water-cans-cranberry-hibiscus",
    "name": "Tonic Water Cans Cranberry Hibiscus",
    "brand": "Nexba",
    "imageUrls": [
      "https://shop.coles.com.au/wcsstore/Coles-CAS/images/3/7/1/3714284.jpg"
    ],
    "storeId": "coles",
    "packageSize": "4 pack",
    "cupPrice": "$2.70 per 1L",
    "locations": {
      "VIC": { "price": 2.7, "discountRate": 50, "promo": "", "orgPrice": 5.4 },
      "SA": {
        "price": 2.97,
        "discountRate": 50,
        "promo": "",
        "orgPrice": 5.95
      },
      "NSW": {
        "price": 2.97,
        "discountRate": 50,
        "promo": "",
        "orgPrice": 5.95
      },
      "TAS": { "price": 2.7, "discountRate": 50, "promo": "", "orgPrice": 5.4 },
      "ACT": {
        "price": 2.97,
        "discountRate": 50,
        "promo": "",
        "orgPrice": 5.95
      },
      "NT": { "price": 3.12, "discountRate": 50, "promo": "", "orgPrice": 6.25 }
    },
    "categoryIds": ["c-drinks"],
    "similarProducts": []
  },
  {
    "id": "cocobella--coconut-water-straight-up",
    "name": "Straight Up Pure Coconut Water",
    "brand": "Cocobella",
    "imageUrls": [
      "https://shop.coles.com.au/wcsstore/Coles-CAS/images/8/4/9/8496307.jpg"
    ],
    "storeId": "coles",
    "packageSize": "250mL",
    "cupPrice": "$4.00 per 1L",
    "locations": {
      "VIC": { "price": 1, "discountRate": 50, "promo": "", "orgPrice": 2 },
      "SA": {
        "price": 1.12,
        "discountRate": 50,
        "promo": "",
        "orgPrice": 2.25
      },
      "QLD": {
        "price": 1.15,
        "discountRate": 45,
        "promo": "",
        "orgPrice": 2.0999999999999996
      },
      "NSW": {
        "price": 1.15,
        "discountRate": 47,
        "promo": "",
        "orgPrice": 2.15
      },
      "WA": { "price": 1, "discountRate": 50, "promo": "", "orgPrice": 2 },
      "TAS": { "price": 1, "discountRate": 50, "promo": "", "orgPrice": 2 },
      "ACT": {
        "price": 1.15,
        "discountRate": 47,
        "promo": "",
        "orgPrice": 2.15
      },
      "NT": { "price": 1.18, "discountRate": 50, "promo": "", "orgPrice": 2.36 }
    },
    "categoryIds": ["c-drinks"],
    "similarProducts": []
  },
  {
    "id": "frantelle-sparkling-water",
    "name": "Sparkling Water",
    "brand": "Frantelle",
    "imageUrls": [
      "https://shop.coles.com.au/wcsstore/Coles-CAS/images/3/7/7/3777885.jpg"
    ],
    "storeId": "coles",
    "packageSize": "",
    "cupPrice": "",
    "locations": {
      "VIC": {
        "price": 5.52,
        "discountRate": 53,
        "promo": "",
        "orgPrice": 11.649999999999999
      },
      "SA": { "price": 7, "discountRate": 47, "promo": "", "orgPrice": 13.15 },
      "QLD": { "price": 7, "discountRate": 40, "promo": "", "orgPrice": 11.65 },
      "NSW": { "price": 7, "discountRate": 47, "promo": "", "orgPrice": 13.15 },
      "TAS": {
        "price": 5.52,
        "discountRate": 53,
        "promo": "",
        "orgPrice": 11.649999999999999
      },
      "ACT": { "price": 7, "discountRate": 47, "promo": "", "orgPrice": 13.15 },
      "NT": { "price": 7, "discountRate": 47, "promo": "", "orgPrice": 13.15 }
    },
    "categoryIds": ["c-drinks"],
    "similarProducts": []
  },
  {
    "id": "monster-energy-drink-absolute-zero",
    "name": "Ultra Sunrise Energy Drink",
    "brand": "Monster",
    "imageUrls": [
      "https://shop.coles.com.au/wcsstore/Coles-CAS/images/1/3/3/1337382.jpg"
    ],
    "storeId": "coles",
    "packageSize": "500mL",
    "cupPrice": "$0.35 per 100mL",
    "locations": {
      "VIC": {
        "price": 1.75,
        "discountRate": 50,
        "promo": "",
        "orgPrice": 3.5
      },
      "SA": {
        "price": 1.85,
        "discountRate": 48,
        "promo": "",
        "orgPrice": 3.55
      },
      "QLD": {
        "price": 1.85,
        "discountRate": 48,
        "promo": "",
        "orgPrice": 3.55
      },
      "NSW": {
        "price": 1.85,
        "discountRate": 49,
        "promo": "",
        "orgPrice": 3.6
      },
      "WA": {
        "price": 1.75,
        "discountRate": 49,
        "promo": "",
        "orgPrice": 3.45
      },
      "TAS": {
        "price": 1.75,
        "discountRate": 49,
        "promo": "",
        "orgPrice": 3.45
      },
      "ACT": {
        "price": 1.85,
        "discountRate": 49,
        "promo": "",
        "orgPrice": 3.6
      },
      "NT": { "price": 1.85, "discountRate": 52, "promo": "", "orgPrice": 3.83 }
    },
    "categoryIds": ["c-drinks"],
    "similarProducts": []
  },
  {
    "id": "nexba-sparkling-infusion-sugar-free-raspberry",
    "name": "Sparkling Raspberry Infusion Sugar Free Drink",
    "brand": "Nexba",
    "imageUrls": [
      "https://shop.coles.com.au/wcsstore/Coles-CAS/images/3/0/4/3049301.jpg"
    ],
    "storeId": "coles",
    "packageSize": "1L",
    "cupPrice": "$1.25 per 1L",
    "locations": {
      "VIC": {
        "price": 1.25,
        "discountRate": 50,
        "promo": "",
        "orgPrice": 2.5
      },
      "SA": {
        "price": 1.32,
        "discountRate": 50,
        "promo": "",
        "orgPrice": 2.6500000000000004
      },
      "QLD": { "price": 1.3, "discountRate": 50, "promo": "", "orgPrice": 2.6 },
      "NSW": {
        "price": 1.32,
        "discountRate": 50,
        "promo": "",
        "orgPrice": 2.6500000000000004
      },
      "WA": { "price": 1.25, "discountRate": 50, "promo": "", "orgPrice": 2.5 },
      "TAS": {
        "price": 1.25,
        "discountRate": 50,
        "promo": "",
        "orgPrice": 2.5
      },
      "ACT": {
        "price": 1.32,
        "discountRate": 50,
        "promo": "",
        "orgPrice": 2.6500000000000004
      },
      "NT": { "price": 1.38, "discountRate": 50, "promo": "", "orgPrice": 2.78 }
    },
    "categoryIds": ["c-drinks"],
    "similarProducts": []
  },
  {
    "id": "yaru-sparkling-spring-water",
    "name": "Sparkling Mineral Water",
    "brand": "Yaru",
    "imageUrls": [
      "https://shop.coles.com.au/wcsstore/Coles-CAS/images/1/8/2/1828409.jpg"
    ],
    "storeId": "coles",
    "packageSize": "1L",
    "cupPrice": "$1.40 per 1L",
    "locations": {
      "VIC": { "price": 1.4, "discountRate": 50, "promo": "", "orgPrice": 2.8 },
      "SA": { "price": 1.4, "discountRate": 52, "promo": "", "orgPrice": 2.9 },
      "QLD": {
        "price": 1.5,
        "discountRate": 49,
        "promo": "",
        "orgPrice": 2.95
      },
      "NSW": {
        "price": 1.5,
        "discountRate": 49,
        "promo": "",
        "orgPrice": 2.95
      },
      "TAS": { "price": 1.4, "discountRate": 50, "promo": "", "orgPrice": 2.8 },
      "ACT": {
        "price": 1.5,
        "discountRate": 49,
        "promo": "",
        "orgPrice": 2.95
      },
      "NT": { "price": 1.5, "discountRate": 51, "promo": "", "orgPrice": 3.05 }
    },
    "categoryIds": ["c-drinks"],
    "similarProducts": []
  },
  {
    "id": "yaru-still-spring-water",
    "name": "Still Mineral Water",
    "brand": "Yaru",
    "imageUrls": [
      "https://shop.coles.com.au/wcsstore/Coles-CAS/images/1/8/2/1828410.jpg"
    ],
    "storeId": "coles",
    "packageSize": "1L",
    "cupPrice": "$1.40 per 1L",
    "locations": {
      "VIC": { "price": 1.4, "discountRate": 50, "promo": "", "orgPrice": 2.8 },
      "SA": { "price": 1.4, "discountRate": 52, "promo": "", "orgPrice": 2.9 },
      "QLD": {
        "price": 1.5,
        "discountRate": 49,
        "promo": "",
        "orgPrice": 2.95
      },
      "NSW": {
        "price": 1.5,
        "discountRate": 49,
        "promo": "",
        "orgPrice": 2.95
      },
      "WA": { "price": 1.4, "discountRate": 50, "promo": "", "orgPrice": 2.8 },
      "TAS": { "price": 1.4, "discountRate": 50, "promo": "", "orgPrice": 2.8 },
      "ACT": {
        "price": 1.5,
        "discountRate": 49,
        "promo": "",
        "orgPrice": 2.95
      },
      "NT": { "price": 1.5, "discountRate": 51, "promo": "", "orgPrice": 3.05 }
    },
    "categoryIds": ["c-drinks"],
    "similarProducts": []
  },
  {
    "id": "coles-indian-ready-to-eat-meal-channa-masala",
    "name": "Indian Chana Masala",
    "brand": "Coles",
    "imageUrls": [
      "https://shop.coles.com.au/wcsstore/Coles-CAS/images/3/2/6/3265250.jpg"
    ],
    "storeId": "coles",
    "packageSize": "300g",
    "cupPrice": "$0.50 per 100G",
    "categoryIds": ["c-international-foods"],
    "similarProducts": [],
    "locations": {
      "ALL": { "price": 1.5, "discountRate": 50, "promo": "", "orgPrice": 3 }
    }
  },
  {
    "id": "swisse-vitamins-ultiboost-tablets-magnesium",
    "name": "Ultiboost Magnesium Tablets",
    "brand": "Swisse",
    "imageUrls": [
      "https://shop.coles.com.au/wcsstore/Coles-CAS/images/9/1/3/9131391.jpg"
    ],
    "storeId": "coles",
    "packageSize": "120 pack",
    "cupPrice": "$14.58 per 100Ea",
    "locations": {
      "VIC": { "price": 17.5, "discountRate": 50, "promo": "", "orgPrice": 35 },
      "SA": { "price": 17, "discountRate": 50, "promo": "", "orgPrice": 34 },
      "QLD": { "price": 17.5, "discountRate": 50, "promo": "", "orgPrice": 35 },
      "NSW": { "price": 17.5, "discountRate": 50, "promo": "", "orgPrice": 35 },
      "WA": { "price": 17.5, "discountRate": 50, "promo": "", "orgPrice": 35 },
      "TAS": { "price": 17.5, "discountRate": 50, "promo": "", "orgPrice": 35 },
      "ACT": { "price": 17.5, "discountRate": 50, "promo": "", "orgPrice": 35 },
      "NT": { "price": 17.85, "discountRate": 49, "promo": "", "orgPrice": 35 }
    },
    "categoryIds": ["c-healthy-living", "c-health-beauty"],
    "similarProducts": []
  },
  {
    "id": "caltrate-bone-muscle-50",
    "name": "Bone & Muscle Calcium with Vitamin D3 100 Tablets",
    "brand": "Caltrate",
    "imageUrls": [
      "https://shop.coles.com.au/wcsstore/Coles-CAS/images/3/4/6/3469464.jpg"
    ],
    "storeId": "coles",
    "packageSize": "1 pack",
    "cupPrice": "$8.50 per 1Ea",
    "locations": {
      "VIC": { "price": 8.5, "discountRate": 50, "promo": "", "orgPrice": 17 },
      "SA": { "price": 8.5, "discountRate": 50, "promo": "", "orgPrice": 17 },
      "QLD": { "price": 8.5, "discountRate": 50, "promo": "", "orgPrice": 17 },
      "NSW": { "price": 8.5, "discountRate": 50, "promo": "", "orgPrice": 17 },
      "WA": { "price": 8.5, "discountRate": 50, "promo": "", "orgPrice": 17 },
      "TAS": { "price": 8.5, "discountRate": 50, "promo": "", "orgPrice": 17 },
      "ACT": { "price": 8.5, "discountRate": 50, "promo": "", "orgPrice": 17 },
      "NT": {
        "price": 8.92,
        "discountRate": 50,
        "promo": "",
        "orgPrice": 17.85
      }
    },
    "categoryIds": ["c-healthy-living", "c-health-beauty"],
    "similarProducts": []
  },
  {
    "id": "swisse-vitamins-ultiboost-tablets-sleep",
    "name": "Ultiboost Sleep Tablets",
    "brand": "Swisse",
    "imageUrls": [
      "https://shop.coles.com.au/wcsstore/Coles-CAS/images/6/9/4/6940778.jpg"
    ],
    "storeId": "coles",
    "packageSize": "60 pack",
    "cupPrice": "$18.33 per 100Ea",
    "locations": {
      "VIC": { "price": 11, "discountRate": 50, "promo": "", "orgPrice": 22 },
      "SA": {
        "price": 10.25,
        "discountRate": 50,
        "promo": "",
        "orgPrice": 20.5
      },
      "QLD": { "price": 11, "discountRate": 50, "promo": "", "orgPrice": 22 },
      "NSW": { "price": 11, "discountRate": 50, "promo": "", "orgPrice": 22 },
      "WA": { "price": 11, "discountRate": 50, "promo": "", "orgPrice": 22 },
      "TAS": { "price": 11, "discountRate": 50, "promo": "", "orgPrice": 22 },
      "ACT": { "price": 11, "discountRate": 50, "promo": "", "orgPrice": 22 },
      "NT": {
        "price": 10.76,
        "discountRate": 50,
        "promo": "",
        "orgPrice": 21.53
      }
    },
    "categoryIds": ["c-healthy-living", "c-health-beauty"],
    "similarProducts": []
  },
  {
    "id": "swisse--ultiboost-odorless-wild-fish-oil-capsules",
    "name": "Odourless High Strength Wild Fish Oil Capsules",
    "brand": "Swisse",
    "imageUrls": [
      "https://shop.coles.com.au/wcsstore/Coles-CAS/images/2/8/6/2869478.jpg"
    ],
    "storeId": "coles",
    "packageSize": "400 pack",
    "cupPrice": "$0.04 per 1Ea",
    "locations": {
      "VIC": { "price": 17.5, "discountRate": 50, "promo": "", "orgPrice": 35 },
      "SA": { "price": 17.5, "discountRate": 50, "promo": "", "orgPrice": 35 },
      "QLD": { "price": 17.5, "discountRate": 50, "promo": "", "orgPrice": 35 },
      "NSW": { "price": 17.5, "discountRate": 50, "promo": "", "orgPrice": 35 },
      "WA": { "price": 17.5, "discountRate": 50, "promo": "", "orgPrice": 35 },
      "TAS": { "price": 17.5, "discountRate": 50, "promo": "", "orgPrice": 35 },
      "ACT": { "price": 17.5, "discountRate": 50, "promo": "", "orgPrice": 35 },
      "NT": { "price": 18.37, "discountRate": 48, "promo": "", "orgPrice": 35 }
    },
    "categoryIds": ["c-healthy-living", "c-health-beauty"],
    "similarProducts": []
  },
  {
    "id": "caltrate-plus-calcium-supplement-tablets",
    "name": "Bone & Muscle Health Tablets",
    "brand": "Caltrate",
    "imageUrls": [
      "https://shop.coles.com.au/wcsstore/Coles-CAS/images/9/3/1/9314620.jpg"
    ],
    "storeId": "coles",
    "packageSize": "100 pack",
    "cupPrice": "$8.50 per 100Ea",
    "locations": {
      "VIC": { "price": 8.5, "discountRate": 50, "promo": "", "orgPrice": 17 },
      "SA": { "price": 8.5, "discountRate": 50, "promo": "", "orgPrice": 17 },
      "QLD": { "price": 8.5, "discountRate": 50, "promo": "", "orgPrice": 17 },
      "NSW": { "price": 8.5, "discountRate": 50, "promo": "", "orgPrice": 17 },
      "WA": { "price": 8.5, "discountRate": 50, "promo": "", "orgPrice": 17 },
      "TAS": { "price": 8.5, "discountRate": 50, "promo": "", "orgPrice": 17 },
      "ACT": { "price": 8.5, "discountRate": 50, "promo": "", "orgPrice": 17 },
      "NT": { "price": 8.92, "discountRate": 48, "promo": "", "orgPrice": 17 }
    },
    "categoryIds": ["c-healthy-living", "c-health-beauty"],
    "similarProducts": []
  },
  {
    "id": "centrum-advanced-multivitamin-selct-50plus",
    "name": "Advance 50+ Multivitamin Tablets",
    "brand": "Centrum",
    "imageUrls": [
      "https://shop.coles.com.au/wcsstore/Coles-CAS/images/8/5/9/8599966.jpg"
    ],
    "storeId": "coles",
    "packageSize": "60 pack",
    "cupPrice": "$14.17 per 100Ea",
    "locations": {
      "VIC": { "price": 8.5, "discountRate": 50, "promo": "", "orgPrice": 17 },
      "SA": { "price": 8.5, "discountRate": 50, "promo": "", "orgPrice": 17 },
      "QLD": { "price": 8.5, "discountRate": 50, "promo": "", "orgPrice": 17 },
      "NSW": { "price": 8.5, "discountRate": 50, "promo": "", "orgPrice": 17 },
      "WA": { "price": 8.5, "discountRate": 50, "promo": "", "orgPrice": 17 },
      "TAS": { "price": 8.5, "discountRate": 50, "promo": "", "orgPrice": 17 },
      "ACT": { "price": 8.5, "discountRate": 50, "promo": "", "orgPrice": 17 },
      "NT": {
        "price": 8.92,
        "discountRate": 50,
        "promo": "",
        "orgPrice": 17.85
      }
    },
    "categoryIds": ["c-healthy-living", "c-health-beauty"],
    "similarProducts": []
  },
  {
    "id": "centrum-advanced-tabs-multi-vitamin-mineral",
    "name": "Advance Multivitamin Tablets",
    "brand": "Centrum",
    "imageUrls": [
      "https://shop.coles.com.au/wcsstore/Coles-CAS/images/8/5/9/8599922.jpg"
    ],
    "storeId": "coles",
    "packageSize": "60 pack",
    "cupPrice": "$14.17 per 100Ea",
    "locations": {
      "VIC": { "price": 8.5, "discountRate": 50, "promo": "", "orgPrice": 17 },
      "SA": { "price": 8.5, "discountRate": 50, "promo": "", "orgPrice": 17 },
      "QLD": { "price": 8.5, "discountRate": 50, "promo": "", "orgPrice": 17 },
      "NSW": { "price": 8.5, "discountRate": 50, "promo": "", "orgPrice": 17 },
      "WA": { "price": 8.5, "discountRate": 50, "promo": "", "orgPrice": 17 },
      "TAS": { "price": 8.5, "discountRate": 50, "promo": "", "orgPrice": 17 },
      "ACT": { "price": 8.5, "discountRate": 50, "promo": "", "orgPrice": 17 },
      "NT": { "price": 8.92, "discountRate": 48, "promo": "", "orgPrice": 17 }
    },
    "categoryIds": ["c-healthy-living", "c-health-beauty"],
    "similarProducts": []
  },
  {
    "id": "centrum-vitamin-multi-for-women",
    "name": "Multivitamin And Mineral Supplement for Women 60 Tablets",
    "brand": "Centrum",
    "imageUrls": [
      "https://shop.coles.com.au/wcsstore/Coles-CAS/images/1/2/8/1281696.jpg"
    ],
    "storeId": "coles",
    "packageSize": "1 Pack",
    "cupPrice": "$10.00 per 1Ea",
    "locations": {
      "VIC": { "price": 10, "discountRate": 50, "promo": "", "orgPrice": 20 },
      "SA": { "price": 10, "discountRate": 50, "promo": "", "orgPrice": 20 },
      "QLD": { "price": 10, "discountRate": 50, "promo": "", "orgPrice": 20 },
      "NSW": { "price": 10, "discountRate": 50, "promo": "", "orgPrice": 20 },
      "WA": { "price": 10, "discountRate": 50, "promo": "", "orgPrice": 20 },
      "TAS": { "price": 10, "discountRate": 50, "promo": "", "orgPrice": 20 },
      "ACT": { "price": 10, "discountRate": 50, "promo": "", "orgPrice": 20 },
      "NT": { "price": 10.5, "discountRate": 50, "promo": "", "orgPrice": 21 }
    },
    "categoryIds": ["c-healthy-living", "c-health-beauty"],
    "similarProducts": []
  },
  {
    "id": "centrum-vitamin-multi-for-men",
    "name": "Multivitamin Tablets For Men",
    "brand": "Centrum",
    "imageUrls": [
      "https://shop.coles.com.au/wcsstore/Coles-CAS/images/1/2/8/1281685.jpg"
    ],
    "storeId": "coles",
    "packageSize": "",
    "cupPrice": "$16.67 per 100Ea",
    "locations": {
      "VIC": { "price": 10, "discountRate": 50, "promo": "", "orgPrice": 20 },
      "SA": { "price": 10, "discountRate": 50, "promo": "", "orgPrice": 20 },
      "QLD": { "price": 10, "discountRate": 50, "promo": "", "orgPrice": 20 },
      "NSW": { "price": 10, "discountRate": 50, "promo": "", "orgPrice": 20 },
      "WA": { "price": 10, "discountRate": 50, "promo": "", "orgPrice": 20 },
      "TAS": { "price": 10, "discountRate": 50, "promo": "", "orgPrice": 20 },
      "ACT": { "price": 10, "discountRate": 50, "promo": "", "orgPrice": 20 },
      "NT": { "price": 10.5, "discountRate": 50, "promo": "", "orgPrice": 21 }
    },
    "categoryIds": ["c-healthy-living", "c-health-beauty"],
    "similarProducts": []
  },
  {
    "id": "swisse-vitamins-ultiboost-tablets-calcium-vitamin-d",
    "name": "Ultiboost Calcium + Vitamin D Tabs",
    "brand": "Swisse",
    "imageUrls": [
      "https://shop.coles.com.au/wcsstore/Coles-CAS/images/7/5/1/7514786.jpg"
    ],
    "storeId": "coles",
    "packageSize": "90 pack",
    "cupPrice": "$0.09 per 1Ea",
    "locations": {
      "VIC": { "price": 8, "discountRate": 50, "promo": "", "orgPrice": 16 },
      "SA": { "price": 8, "discountRate": 50, "promo": "", "orgPrice": 16 },
      "QLD": { "price": 8, "discountRate": 50, "promo": "", "orgPrice": 16 },
      "NSW": { "price": 8, "discountRate": 50, "promo": "", "orgPrice": 16 },
      "WA": { "price": 7.5, "discountRate": 50, "promo": "", "orgPrice": 15 },
      "TAS": { "price": 7.5, "discountRate": 50, "promo": "", "orgPrice": 15 },
      "ACT": { "price": 8, "discountRate": 50, "promo": "", "orgPrice": 16 },
      "NT": { "price": 8.4, "discountRate": 50, "promo": "", "orgPrice": 16.8 }
    },
    "categoryIds": ["c-healthy-living", "c-health-beauty"],
    "similarProducts": [
      { "productId": "w-711578-9311770589888", "storeId": "woolworths" }
    ]
  },
  {
    "id": "swisse-vitamins-ultiboost-vitamin-d",
    "name": "Ultiboost Vitamin D Capsules",
    "brand": "Swisse",
    "imageUrls": [
      "https://shop.coles.com.au/wcsstore/Coles-CAS/images/8/0/9/8098927.jpg"
    ],
    "storeId": "coles",
    "packageSize": "250 pack",
    "cupPrice": "$5.20 per 100Ea",
    "locations": {
      "VIC": { "price": 13, "discountRate": 50, "promo": "", "orgPrice": 26 },
      "SA": { "price": 13, "discountRate": 50, "promo": "", "orgPrice": 26 },
      "QLD": { "price": 13, "discountRate": 50, "promo": "", "orgPrice": 26 },
      "NSW": { "price": 13, "discountRate": 50, "promo": "", "orgPrice": 26 },
      "WA": { "price": 13, "discountRate": 50, "promo": "", "orgPrice": 26 },
      "TAS": { "price": 13, "discountRate": 50, "promo": "", "orgPrice": 26 },
      "ACT": { "price": 13, "discountRate": 50, "promo": "", "orgPrice": 26 },
      "NT": {
        "price": 13.65,
        "discountRate": 50,
        "promo": "",
        "orgPrice": 27.3
      }
    },
    "categoryIds": ["c-healthy-living", "c-health-beauty"],
    "similarProducts": []
  },
  {
    "id": "swisse-vitamins-ultiboost-tablets-liver-detox",
    "name": "Ultiboost Liver Detox Tablets",
    "brand": "Swisse",
    "imageUrls": [
      "https://shop.coles.com.au/wcsstore/Coles-CAS/images/7/5/1/7514979.jpg"
    ],
    "storeId": "coles",
    "packageSize": "60 pack",
    "cupPrice": "$17.67 per 100Ea",
    "locations": {
      "VIC": {
        "price": 10.6,
        "discountRate": 50,
        "promo": "",
        "orgPrice": 21.2
      },
      "SA": { "price": 10.5, "discountRate": 50, "promo": "", "orgPrice": 21 },
      "QLD": { "price": 10.5, "discountRate": 50, "promo": "", "orgPrice": 21 },
      "NSW": {
        "price": 10.6,
        "discountRate": 50,
        "promo": "",
        "orgPrice": 21.2
      },
      "WA": {
        "price": 10.3,
        "discountRate": 50,
        "promo": "",
        "orgPrice": 20.6
      },
      "TAS": {
        "price": 9.9,
        "discountRate": 50,
        "promo": "",
        "orgPrice": 19.8
      },
      "ACT": {
        "price": 10.6,
        "discountRate": 50,
        "promo": "",
        "orgPrice": 21.2
      },
      "NT": {
        "price": 11.02,
        "discountRate": 50,
        "promo": "",
        "orgPrice": 22.049999999999997
      }
    },
    "categoryIds": ["c-healthy-living", "c-health-beauty"],
    "similarProducts": []
  },
  {
    "id": "swisse-vitamins-ultiboost-capsules-vitamin-d",
    "name": "Ultiboost Vitamin D Capsules",
    "brand": "Swisse",
    "imageUrls": [
      "https://shop.coles.com.au/wcsstore/Coles-CAS/images/7/5/1/7514866.jpg"
    ],
    "storeId": "coles",
    "packageSize": "60 pack",
    "cupPrice": "$0.09 per 1Ea",
    "locations": {
      "VIC": { "price": 5.5, "discountRate": 50, "promo": "", "orgPrice": 11 },
      "SA": {
        "price": 5.25,
        "discountRate": 50,
        "promo": "",
        "orgPrice": 10.5
      },
      "QLD": { "price": 5.5, "discountRate": 50, "promo": "", "orgPrice": 11 },
      "NSW": { "price": 5.5, "discountRate": 50, "promo": "", "orgPrice": 11 },
      "WA": { "price": 5.5, "discountRate": 50, "promo": "", "orgPrice": 11 },
      "TAS": { "price": 5.5, "discountRate": 50, "promo": "", "orgPrice": 11 },
      "ACT": { "price": 5.5, "discountRate": 50, "promo": "", "orgPrice": 11 },
      "NT": {
        "price": 5.51,
        "discountRate": 50,
        "promo": "",
        "orgPrice": 11.03
      }
    },
    "categoryIds": ["c-healthy-living", "c-health-beauty"],
    "similarProducts": []
  },
  {
    "id": "swisse-vitamins-ultiboost-tablets-hair-skin-nails",
    "name": "Ultiboost Hair Skin & Nails Tablets",
    "brand": "Swisse",
    "imageUrls": [
      "https://shop.coles.com.au/wcsstore/Coles-CAS/images/7/1/0/7109303.jpg"
    ],
    "storeId": "coles",
    "packageSize": "60 pack",
    "cupPrice": "$19.17 per 100Ea",
    "locations": {
      "VIC": { "price": 11.5, "discountRate": 50, "promo": "", "orgPrice": 23 },
      "SA": { "price": 10.5, "discountRate": 50, "promo": "", "orgPrice": 21 },
      "QLD": { "price": 11.5, "discountRate": 50, "promo": "", "orgPrice": 23 },
      "NSW": { "price": 11.5, "discountRate": 50, "promo": "", "orgPrice": 23 },
      "WA": { "price": 11.5, "discountRate": 50, "promo": "", "orgPrice": 23 },
      "TAS": { "price": 11.5, "discountRate": 50, "promo": "", "orgPrice": 23 },
      "ACT": { "price": 11.5, "discountRate": 50, "promo": "", "orgPrice": 23 },
      "NT": {
        "price": 11.02,
        "discountRate": 50,
        "promo": "",
        "orgPrice": 22.049999999999997
      }
    },
    "categoryIds": ["c-healthy-living", "c-health-beauty"],
    "similarProducts": []
  },
  {
    "id": "swisse-vitamins-ultivite-tablets-50-plus-women",
    "name": "Ultivite Women's 50+ Multi Vitamins",
    "brand": "Swisse",
    "imageUrls": [
      "https://shop.coles.com.au/wcsstore/Coles-CAS/images/6/2/7/6279818.jpg"
    ],
    "storeId": "coles",
    "packageSize": "60 pack",
    "cupPrice": "$30.00 per 100Ea",
    "locations": {
      "VIC": { "price": 18, "discountRate": 50, "promo": "", "orgPrice": 36 },
      "SA": { "price": 17.5, "discountRate": 50, "promo": "", "orgPrice": 35 },
      "QLD": { "price": 18, "discountRate": 50, "promo": "", "orgPrice": 36 },
      "NSW": { "price": 18, "discountRate": 50, "promo": "", "orgPrice": 36 },
      "WA": { "price": 17.5, "discountRate": 50, "promo": "", "orgPrice": 35 },
      "TAS": { "price": 18, "discountRate": 50, "promo": "", "orgPrice": 36 },
      "ACT": { "price": 18, "discountRate": 50, "promo": "", "orgPrice": 36 },
      "NT": {
        "price": 18.37,
        "discountRate": 50,
        "promo": "",
        "orgPrice": 36.75
      }
    },
    "categoryIds": ["c-healthy-living", "c-health-beauty"],
    "similarProducts": []
  },
  {
    "id": "swisse-vitamins-ultivite-tablets-formula-1-multi-women",
    "name": "Ultivite Women's Formula 1 Multi Vitamins",
    "brand": "Swisse",
    "imageUrls": [
      "https://shop.coles.com.au/wcsstore/Coles-CAS/images/6/2/8/6280475.jpg"
    ],
    "storeId": "coles",
    "packageSize": "60 pack",
    "cupPrice": "$24.17 per 100Ea",
    "locations": {
      "VIC": { "price": 14.5, "discountRate": 50, "promo": "", "orgPrice": 29 },
      "SA": { "price": 14.5, "discountRate": 50, "promo": "", "orgPrice": 29 },
      "QLD": { "price": 14.5, "discountRate": 50, "promo": "", "orgPrice": 29 },
      "NSW": { "price": 14.5, "discountRate": 50, "promo": "", "orgPrice": 29 },
      "WA": { "price": 14.5, "discountRate": 50, "promo": "", "orgPrice": 29 },
      "TAS": { "price": 14.5, "discountRate": 50, "promo": "", "orgPrice": 29 },
      "ACT": { "price": 14.5, "discountRate": 50, "promo": "", "orgPrice": 29 },
      "NT": {
        "price": 15.22,
        "discountRate": 50,
        "promo": "",
        "orgPrice": 30.450000000000003
      }
    },
    "categoryIds": ["c-healthy-living", "c-health-beauty"],
    "similarProducts": []
  },
  {
    "id": "swisse-vitamins-ultivite-tablets-50-plus-men",
    "name": "Men's Ultivite 50+ Multi Vitamin 60 Tablets",
    "brand": "Swisse",
    "imageUrls": [
      "https://shop.coles.com.au/wcsstore/Coles-CAS/images/6/2/7/6279807.jpg"
    ],
    "storeId": "coles",
    "packageSize": "1 pack",
    "cupPrice": "$18.00 per 1Ea",
    "locations": {
      "VIC": { "price": 18, "discountRate": 50, "promo": "", "orgPrice": 36 },
      "SA": { "price": 17.5, "discountRate": 50, "promo": "", "orgPrice": 35 },
      "QLD": { "price": 18, "discountRate": 50, "promo": "", "orgPrice": 36 },
      "NSW": { "price": 18, "discountRate": 50, "promo": "", "orgPrice": 36 },
      "WA": { "price": 17.5, "discountRate": 50, "promo": "", "orgPrice": 35 },
      "TAS": { "price": 18, "discountRate": 50, "promo": "", "orgPrice": 36 },
      "ACT": { "price": 18, "discountRate": 50, "promo": "", "orgPrice": 36 },
      "NT": {
        "price": 18.37,
        "discountRate": 50,
        "promo": "",
        "orgPrice": 36.75
      }
    },
    "categoryIds": ["c-healthy-living", "c-health-beauty"],
    "similarProducts": []
  },
  {
    "id": "swisse-vitamins-ultivite-tablets-formula-1-multi-men",
    "name": "Men's Ultivite Multi Vitamin Tablets",
    "brand": "Swisse",
    "imageUrls": [
      "https://shop.coles.com.au/wcsstore/Coles-CAS/images/6/2/8/6280464.jpg"
    ],
    "storeId": "coles",
    "packageSize": "60 pack",
    "cupPrice": "$24.17 per 100Ea",
    "locations": {
      "VIC": { "price": 14.5, "discountRate": 50, "promo": "", "orgPrice": 29 },
      "SA": { "price": 14.5, "discountRate": 50, "promo": "", "orgPrice": 29 },
      "QLD": { "price": 14.5, "discountRate": 50, "promo": "", "orgPrice": 29 },
      "NSW": { "price": 14.5, "discountRate": 50, "promo": "", "orgPrice": 29 },
      "WA": { "price": 14.5, "discountRate": 50, "promo": "", "orgPrice": 29 },
      "TAS": { "price": 14.5, "discountRate": 50, "promo": "", "orgPrice": 29 },
      "ACT": { "price": 14.5, "discountRate": 50, "promo": "", "orgPrice": 29 },
      "NT": {
        "price": 15.22,
        "discountRate": 50,
        "promo": "",
        "orgPrice": 30.450000000000003
      }
    },
    "categoryIds": ["c-healthy-living", "c-health-beauty"],
    "similarProducts": []
  },
  {
    "id": "swisse-ultiboost-relax-sleep-tablets",
    "name": "Ultiboost Relax & Sleep 60 Tablets",
    "brand": "Swisse",
    "imageUrls": [
      "https://shop.coles.com.au/wcsstore/Coles-CAS/images/1/2/8/1281437.jpg"
    ],
    "storeId": "coles",
    "packageSize": "1 pack",
    "cupPrice": "$16.00 per 1Ea",
    "locations": {
      "VIC": { "price": 16, "discountRate": 50, "promo": "", "orgPrice": 32 },
      "SA": { "price": 16, "discountRate": 50, "promo": "", "orgPrice": 32 },
      "QLD": { "price": 16, "discountRate": 50, "promo": "", "orgPrice": 32 },
      "NSW": { "price": 16, "discountRate": 50, "promo": "", "orgPrice": 32 },
      "WA": { "price": 16, "discountRate": 50, "promo": "", "orgPrice": 32 },
      "TAS": { "price": 16, "discountRate": 50, "promo": "", "orgPrice": 32 },
      "ACT": { "price": 16, "discountRate": 50, "promo": "", "orgPrice": 32 },
      "NT": { "price": 16.8, "discountRate": 50, "promo": "", "orgPrice": 33.6 }
    },
    "categoryIds": ["c-healthy-living", "c-health-beauty"],
    "similarProducts": []
  },
  {
    "id": "swisse--mens-power-ultivite-tablets",
    "name": "Men's Power Ultivite Advanced Formula Tablets",
    "brand": "Swisse",
    "imageUrls": [
      "https://shop.coles.com.au/wcsstore/Coles-CAS/images/1/7/8/1783741.jpg"
    ],
    "storeId": "coles",
    "packageSize": "40 pack",
    "cupPrice": "$42.50 per 100Ea",
    "locations": {
      "VIC": { "price": 17, "discountRate": 50, "promo": "", "orgPrice": 34 },
      "SA": { "price": 17, "discountRate": 50, "promo": "", "orgPrice": 34 },
      "QLD": { "price": 17, "discountRate": 50, "promo": "", "orgPrice": 34 },
      "NSW": { "price": 17, "discountRate": 50, "promo": "", "orgPrice": 34 },
      "WA": { "price": 17, "discountRate": 50, "promo": "", "orgPrice": 34 },
      "TAS": { "price": 17, "discountRate": 50, "promo": "", "orgPrice": 34 },
      "ACT": { "price": 17, "discountRate": 50, "promo": "", "orgPrice": 34 },
      "NT": {
        "price": 17.85,
        "discountRate": 50,
        "promo": "",
        "orgPrice": 35.7
      }
    },
    "categoryIds": ["c-healthy-living", "c-health-beauty"],
    "similarProducts": []
  },
  {
    "id": "swisse--ultiboost-glucosamine-sulfate-tablets",
    "name": "Ultiboost Glucosamine Sulfate Tablets",
    "brand": "Swisse",
    "imageUrls": [
      "https://shop.coles.com.au/wcsstore/Coles-CAS/images/2/8/6/2868817.jpg"
    ],
    "storeId": "coles",
    "packageSize": "180 pack",
    "cupPrice": "$0.12 per 1Ea",
    "locations": {
      "VIC": { "price": 21, "discountRate": 50, "promo": "", "orgPrice": 42 },
      "SA": { "price": 21, "discountRate": 50, "promo": "", "orgPrice": 42 },
      "QLD": { "price": 21, "discountRate": 50, "promo": "", "orgPrice": 42 },
      "NSW": { "price": 21, "discountRate": 50, "promo": "", "orgPrice": 42 },
      "WA": { "price": 21, "discountRate": 50, "promo": "", "orgPrice": 42 },
      "TAS": { "price": 21, "discountRate": 50, "promo": "", "orgPrice": 42 },
      "ACT": { "price": 21, "discountRate": 50, "promo": "", "orgPrice": 42 },
      "NT": {
        "price": 22.05,
        "discountRate": 50,
        "promo": "",
        "orgPrice": 44.1
      }
    },
    "categoryIds": ["c-healthy-living", "c-health-beauty"],
    "similarProducts": []
  },
  {
    "id": "swisse-ultiboost-odless-wld-fshoil-1000mg-400-pck",
    "name": "Ultiboost Odourless Wild Fish Oil 1000mg Capsules",
    "brand": "Swisse",
    "imageUrls": [
      "https://shop.coles.com.au/wcsstore/Coles-CAS/images/8/0/9/8099067.jpg"
    ],
    "storeId": "coles",
    "packageSize": "400 pack",
    "cupPrice": "$3.50 per 100Ea",
    "locations": {
      "VIC": { "price": 14, "discountRate": 50, "promo": "", "orgPrice": 28 },
      "SA": { "price": 14, "discountRate": 50, "promo": "", "orgPrice": 28 },
      "QLD": { "price": 14, "discountRate": 50, "promo": "", "orgPrice": 28 },
      "NSW": { "price": 14, "discountRate": 50, "promo": "", "orgPrice": 28 },
      "WA": { "price": 14, "discountRate": 50, "promo": "", "orgPrice": 28 },
      "TAS": { "price": 14, "discountRate": 50, "promo": "", "orgPrice": 28 },
      "ACT": { "price": 14, "discountRate": 50, "promo": "", "orgPrice": 28 },
      "NT": { "price": 14.7, "discountRate": 50, "promo": "", "orgPrice": 29.4 }
    },
    "categoryIds": ["c-healthy-living", "c-health-beauty"],
    "similarProducts": []
  },
  {
    "id": "swisse-ultiboost-tabs-executive-focus",
    "name": "Ultiboost Memory + Focus 50 Tablets",
    "brand": "Swisse",
    "imageUrls": [
      "https://shop.coles.com.au/wcsstore/Coles-CAS/images/7/1/0/7109289.jpg"
    ],
    "storeId": "coles",
    "packageSize": "1 pack",
    "cupPrice": "$14.50 per 1Ea",
    "locations": {
      "VIC": { "price": 14.5, "discountRate": 50, "promo": "", "orgPrice": 29 },
      "SA": { "price": 14.5, "discountRate": 50, "promo": "", "orgPrice": 29 },
      "QLD": { "price": 14.5, "discountRate": 50, "promo": "", "orgPrice": 29 },
      "NSW": { "price": 14.5, "discountRate": 50, "promo": "", "orgPrice": 29 },
      "WA": { "price": 14.5, "discountRate": 50, "promo": "", "orgPrice": 29 },
      "TAS": { "price": 14.5, "discountRate": 50, "promo": "", "orgPrice": 29 },
      "ACT": { "price": 14.5, "discountRate": 50, "promo": "", "orgPrice": 29 },
      "NT": {
        "price": 15.22,
        "discountRate": 50,
        "promo": "",
        "orgPrice": 30.450000000000003
      }
    },
    "categoryIds": ["c-healthy-living", "c-health-beauty"],
    "similarProducts": [
      { "productId": "cw-57049", "storeId": "chemist-warehouse" }
    ]
  },
  {
    "id": "swisse-ultiboost-mega-b--tablets",
    "name": "Ultiboost Mega B + Tablets",
    "brand": "Swisse",
    "imageUrls": [
      "https://shop.coles.com.au/wcsstore/Coles-CAS/images/2/9/1/2911745.jpg"
    ],
    "storeId": "coles",
    "packageSize": "60 pack",
    "cupPrice": "$35.00 per 100Ea",
    "locations": {
      "VIC": { "price": 21, "discountRate": 50, "promo": "", "orgPrice": 42 },
      "SA": { "price": 21, "discountRate": 50, "promo": "", "orgPrice": 42 },
      "QLD": { "price": 21, "discountRate": 50, "promo": "", "orgPrice": 42 },
      "NSW": { "price": 21, "discountRate": 50, "promo": "", "orgPrice": 42 },
      "WA": { "price": 21, "discountRate": 50, "promo": "", "orgPrice": 42 },
      "TAS": { "price": 21, "discountRate": 50, "promo": "", "orgPrice": 42 },
      "ACT": { "price": 21, "discountRate": 50, "promo": "", "orgPrice": 42 },
      "NT": {
        "price": 22.05,
        "discountRate": 50,
        "promo": "",
        "orgPrice": 44.1
      }
    },
    "categoryIds": ["c-healthy-living", "c-health-beauty"],
    "similarProducts": []
  },
  {
    "id": "swisse-high-strength-organic-spirulina-tablets",
    "name": "High Strength Organic Spirulina Tablets",
    "brand": "Swisse",
    "imageUrls": [
      "https://shop.coles.com.au/wcsstore/Coles-CAS/images/2/8/6/2869489.jpg"
    ],
    "storeId": "coles",
    "packageSize": "200 pack",
    "cupPrice": "$12.00 per 100Ea",
    "locations": {
      "VIC": { "price": 24, "discountRate": 50, "promo": "", "orgPrice": 48 },
      "SA": { "price": 24, "discountRate": 50, "promo": "", "orgPrice": 48 },
      "QLD": { "price": 24, "discountRate": 50, "promo": "", "orgPrice": 48 },
      "NSW": { "price": 24, "discountRate": 50, "promo": "", "orgPrice": 48 },
      "WA": { "price": 24, "discountRate": 50, "promo": "", "orgPrice": 48 },
      "TAS": { "price": 24, "discountRate": 50, "promo": "", "orgPrice": 48 },
      "ACT": { "price": 24, "discountRate": 50, "promo": "", "orgPrice": 48 },
      "NT": {
        "price": 36.72,
        "discountRate": 50,
        "promo": "",
        "orgPrice": 73.44
      }
    },
    "categoryIds": ["c-healthy-living", "c-health-beauty"],
    "similarProducts": []
  },
  {
    "id": "swisse-ultivite-womens-tablets",
    "name": "Women's Ultivite Multivitamin 30 Tablets",
    "brand": "Swisse",
    "imageUrls": [
      "https://shop.coles.com.au/wcsstore/Coles-CAS/images/3/2/8/3287456.jpg"
    ],
    "storeId": "coles",
    "packageSize": "1 Pack",
    "cupPrice": "$10.00 per 1Ea",
    "locations": {
      "VIC": { "price": 10, "discountRate": 50, "promo": "", "orgPrice": 20 },
      "SA": { "price": 10, "discountRate": 50, "promo": "", "orgPrice": 20 },
      "QLD": { "price": 10, "discountRate": 50, "promo": "", "orgPrice": 20 },
      "NSW": { "price": 10, "discountRate": 50, "promo": "", "orgPrice": 20 },
      "WA": { "price": 10, "discountRate": 50, "promo": "", "orgPrice": 20 },
      "TAS": { "price": 10, "discountRate": 50, "promo": "", "orgPrice": 20 },
      "ACT": { "price": 10, "discountRate": 50, "promo": "", "orgPrice": 20 },
      "NT": { "price": 10.5, "discountRate": 50, "promo": "", "orgPrice": 21 }
    },
    "categoryIds": ["c-healthy-living", "c-health-beauty"],
    "similarProducts": [
      { "productId": "cw-55511", "storeId": "chemist-warehouse" },
      { "productId": "cw-52658", "storeId": "chemist-warehouse" }
    ]
  },
  {
    "id": "swisse-ultivite-mens-tablets",
    "name": "Men's Ultivite Multivitamin",
    "brand": "Swisse",
    "imageUrls": [
      "https://shop.coles.com.au/wcsstore/Coles-CAS/images/3/2/8/3287434.jpg"
    ],
    "storeId": "coles",
    "packageSize": "30 Pack",
    "cupPrice": "$0.33 per 1Ea",
    "locations": {
      "VIC": { "price": 10, "discountRate": 50, "promo": "", "orgPrice": 20 },
      "SA": { "price": 10, "discountRate": 50, "promo": "", "orgPrice": 20 },
      "QLD": { "price": 10, "discountRate": 50, "promo": "", "orgPrice": 20 },
      "NSW": { "price": 10, "discountRate": 50, "promo": "", "orgPrice": 20 },
      "WA": { "price": 10, "discountRate": 50, "promo": "", "orgPrice": 20 },
      "TAS": { "price": 10, "discountRate": 50, "promo": "", "orgPrice": 20 },
      "ACT": { "price": 10, "discountRate": 50, "promo": "", "orgPrice": 20 },
      "NT": { "price": 10.5, "discountRate": 50, "promo": "", "orgPrice": 21 }
    },
    "categoryIds": ["c-healthy-living", "c-health-beauty"],
    "similarProducts": []
  },
  {
    "id": "swisse-ultiboost-magnesium-calcium-vit-d",
    "name": "Ultiboost Magnesium Calcium + D3 120 Tablets",
    "brand": "Swisse",
    "imageUrls": [
      "https://shop.coles.com.au/wcsstore/Coles-CAS/images/1/7/8/1783694.jpg"
    ],
    "storeId": "coles",
    "packageSize": "1 pack",
    "cupPrice": "$12.50 per 1Ea",
    "locations": {
      "VIC": { "price": 12.5, "discountRate": 50, "promo": "", "orgPrice": 25 },
      "SA": { "price": 12.5, "discountRate": 50, "promo": "", "orgPrice": 25 },
      "QLD": { "price": 12.5, "discountRate": 50, "promo": "", "orgPrice": 25 },
      "NSW": { "price": 12.5, "discountRate": 50, "promo": "", "orgPrice": 25 },
      "WA": { "price": 12.5, "discountRate": 50, "promo": "", "orgPrice": 25 },
      "TAS": { "price": 12.5, "discountRate": 50, "promo": "", "orgPrice": 25 },
      "ACT": { "price": 12.5, "discountRate": 50, "promo": "", "orgPrice": 25 },
      "NT": {
        "price": 13.12,
        "discountRate": 50,
        "promo": "",
        "orgPrice": 26.25
      }
    },
    "categoryIds": ["c-healthy-living", "c-health-beauty"],
    "similarProducts": []
  },
  {
    "id": "swisse-ultiboost-magnesium-3469351p",
    "name": "Ultiboost Magnesium 150mg 200 Tablets",
    "brand": "Swisse",
    "imageUrls": [
      "https://shop.coles.com.au/wcsstore/Coles-CAS/images/3/4/6/3469351.jpg"
    ],
    "storeId": "coles",
    "packageSize": "1 pack",
    "cupPrice": "$19.50 per 1Ea",
    "locations": {
      "VIC": { "price": 19.5, "discountRate": 50, "promo": "", "orgPrice": 39 },
      "SA": { "price": 19.5, "discountRate": 50, "promo": "", "orgPrice": 39 },
      "QLD": { "price": 19.5, "discountRate": 50, "promo": "", "orgPrice": 39 },
      "NSW": { "price": 19.5, "discountRate": 50, "promo": "", "orgPrice": 39 },
      "WA": { "price": 19.5, "discountRate": 50, "promo": "", "orgPrice": 39 },
      "TAS": { "price": 19.5, "discountRate": 50, "promo": "", "orgPrice": 39 },
      "ACT": { "price": 19.5, "discountRate": 50, "promo": "", "orgPrice": 39 },
      "NT": {
        "price": 20.47,
        "discountRate": 50,
        "promo": "",
        "orgPrice": 40.95
      }
    },
    "categoryIds": ["c-healthy-living", "c-health-beauty"],
    "similarProducts": []
  },
  {
    "id": "swisse-ultiboost-hs-coq10-300mg",
    "name": "Ultiboost High Strength  Co-Enzyme Q10 300mg 90 Capsules",
    "brand": "Swisse",
    "imageUrls": [
      "https://shop.coles.com.au/wcsstore/Coles-CAS/images/3/4/6/3469330.jpg"
    ],
    "storeId": "coles",
    "packageSize": "1 pack",
    "cupPrice": "$19.50 per 1Ea",
    "locations": {
      "VIC": { "price": 19.5, "discountRate": 50, "promo": "", "orgPrice": 39 },
      "SA": { "price": 19.5, "discountRate": 50, "promo": "", "orgPrice": 39 },
      "QLD": { "price": 19.5, "discountRate": 50, "promo": "", "orgPrice": 39 },
      "NSW": { "price": 19.5, "discountRate": 50, "promo": "", "orgPrice": 39 },
      "WA": { "price": 19.5, "discountRate": 50, "promo": "", "orgPrice": 39 },
      "TAS": { "price": 19.5, "discountRate": 50, "promo": "", "orgPrice": 39 },
      "ACT": { "price": 19.5, "discountRate": 50, "promo": "", "orgPrice": 39 },
      "NT": {
        "price": 20.47,
        "discountRate": 50,
        "promo": "",
        "orgPrice": 40.95
      }
    },
    "categoryIds": ["c-healthy-living", "c-health-beauty"],
    "similarProducts": []
  },
  {
    "id": "swisse-ultibiotic-daily-digestive-probiotic",
    "name": "Ultibiotic Daily Digestive Probiotic 30 Capsules",
    "brand": "Swisse",
    "imageUrls": [
      "https://shop.coles.com.au/wcsstore/Coles-CAS/images/3/4/6/3469260.jpg"
    ],
    "storeId": "coles",
    "packageSize": "1 pack",
    "cupPrice": "$16.00 per 1Ea",
    "locations": {
      "VIC": { "price": 16, "discountRate": 50, "promo": "", "orgPrice": 32 },
      "SA": { "price": 16, "discountRate": 50, "promo": "", "orgPrice": 32 },
      "QLD": { "price": 16, "discountRate": 50, "promo": "", "orgPrice": 32 },
      "NSW": { "price": 16, "discountRate": 50, "promo": "", "orgPrice": 32 },
      "WA": { "price": 16, "discountRate": 50, "promo": "", "orgPrice": 32 },
      "TAS": { "price": 16, "discountRate": 50, "promo": "", "orgPrice": 32 },
      "ACT": { "price": 16, "discountRate": 50, "promo": "", "orgPrice": 32 },
      "NT": { "price": 16.8, "discountRate": 50, "promo": "", "orgPrice": 33.6 }
    },
    "categoryIds": ["c-healthy-living", "c-health-beauty"],
    "similarProducts": [
      { "productId": "cw-89644", "storeId": "chemist-warehouse" }
    ]
  },
  {
    "id": "swisse-ultinatal-pre-conception-preg",
    "name": "Ultinatal Pre-conception & Pregnancy Multivitamin 60 Capsules",
    "brand": "Swisse",
    "imageUrls": [
      "https://shop.coles.com.au/wcsstore/Coles-CAS/images/3/4/6/3468869.jpg"
    ],
    "storeId": "coles",
    "packageSize": "1 pack",
    "cupPrice": "$14.50 per 1Ea",
    "locations": {
      "VIC": { "price": 14.5, "discountRate": 50, "promo": "", "orgPrice": 29 },
      "SA": { "price": 14.5, "discountRate": 50, "promo": "", "orgPrice": 29 },
      "QLD": { "price": 14.5, "discountRate": 50, "promo": "", "orgPrice": 29 },
      "NSW": { "price": 14.5, "discountRate": 50, "promo": "", "orgPrice": 29 },
      "WA": { "price": 14.5, "discountRate": 50, "promo": "", "orgPrice": 29 },
      "TAS": { "price": 14.5, "discountRate": 50, "promo": "", "orgPrice": 29 },
      "ACT": { "price": 14.5, "discountRate": 50, "promo": "", "orgPrice": 29 },
      "NT": {
        "price": 15.22,
        "discountRate": 50,
        "promo": "",
        "orgPrice": 30.450000000000003
      }
    },
    "categoryIds": ["c-healthy-living", "c-health-beauty"],
    "similarProducts": []
  },
  {
    "id": "swisse-ultibiotic-daily-ibs-probiotic",
    "name": "Ultibiotic Daily IBS Probiotic Capsules",
    "brand": "Swisse",
    "imageUrls": [
      "https://shop.coles.com.au/wcsstore/Coles-CAS/images/3/4/6/3469282.jpg"
    ],
    "storeId": "coles",
    "packageSize": "30 pack",
    "cupPrice": "$53.34 per 100Ea",
    "locations": {
      "VIC": { "price": 16, "discountRate": 50, "promo": "", "orgPrice": 32 },
      "SA": { "price": 16, "discountRate": 50, "promo": "", "orgPrice": 32 },
      "QLD": { "price": 16, "discountRate": 50, "promo": "", "orgPrice": 32 },
      "NSW": { "price": 16, "discountRate": 50, "promo": "", "orgPrice": 32 },
      "WA": { "price": 16, "discountRate": 50, "promo": "", "orgPrice": 32 },
      "TAS": { "price": 16, "discountRate": 50, "promo": "", "orgPrice": 32 },
      "ACT": { "price": 16, "discountRate": 50, "promo": "", "orgPrice": 32 },
      "NT": { "price": 16.8, "discountRate": 50, "promo": "", "orgPrice": 33.6 }
    },
    "categoryIds": ["c-healthy-living", "c-health-beauty"],
    "similarProducts": []
  },
  {
    "id": "swisse-ultinatal-breastfeeding-support",
    "name": "Ultinatal Breastfeeding Support Tablets",
    "brand": "Swisse",
    "imageUrls": [
      "https://shop.coles.com.au/wcsstore/Coles-CAS/images/3/4/6/3468870.jpg"
    ],
    "storeId": "coles",
    "packageSize": "90 pack",
    "cupPrice": "$0.16 per 1Ea",
    "locations": {
      "VIC": { "price": 14.5, "discountRate": 50, "promo": "", "orgPrice": 29 },
      "SA": { "price": 14.5, "discountRate": 50, "promo": "", "orgPrice": 29 },
      "QLD": { "price": 14.5, "discountRate": 50, "promo": "", "orgPrice": 29 },
      "NSW": { "price": 14.5, "discountRate": 50, "promo": "", "orgPrice": 29 },
      "WA": { "price": 14.5, "discountRate": 50, "promo": "", "orgPrice": 29 },
      "TAS": { "price": 14.5, "discountRate": 50, "promo": "", "orgPrice": 29 },
      "ACT": { "price": 14.5, "discountRate": 50, "promo": "", "orgPrice": 29 },
      "NT": {
        "price": 15.22,
        "discountRate": 50,
        "promo": "",
        "orgPrice": 30.450000000000003
      }
    },
    "categoryIds": ["c-healthy-living", "c-health-beauty"],
    "similarProducts": []
  },
  {
    "id": "swisse-ultiboost-magnesium-sleep-powder",
    "name": "Ultiboost Lemon & Honey Magnesium + Sleep Powder",
    "brand": "Swisse",
    "imageUrls": [
      "https://shop.coles.com.au/wcsstore/Coles-CAS/images/3/4/7/3479570.jpg"
    ],
    "storeId": "coles",
    "packageSize": "180g",
    "cupPrice": "$11.11 per 100G",
    "locations": {
      "VIC": { "price": 20, "discountRate": 50, "promo": "", "orgPrice": 40 },
      "SA": { "price": 20, "discountRate": 50, "promo": "", "orgPrice": 40 },
      "QLD": { "price": 20, "discountRate": 50, "promo": "", "orgPrice": 40 },
      "NSW": { "price": 20, "discountRate": 50, "promo": "", "orgPrice": 40 },
      "WA": { "price": 20, "discountRate": 50, "promo": "", "orgPrice": 40 },
      "TAS": { "price": 20, "discountRate": 50, "promo": "", "orgPrice": 40 },
      "ACT": { "price": 20, "discountRate": 50, "promo": "", "orgPrice": 40 },
      "NT": { "price": 21, "discountRate": 50, "promo": "", "orgPrice": 42 }
    },
    "categoryIds": ["c-healthy-living", "c-health-beauty"],
    "similarProducts": []
  },
  {
    "id": "swisse-ultivite-womens-everday-wellness-blend-3625050p",
    "name": "Ultivite Women's Multivitamin + Superfood",
    "brand": "Swisse",
    "imageUrls": [
      "https://shop.coles.com.au/wcsstore/Coles-CAS/images/3/6/2/3625050.jpg"
    ],
    "storeId": "coles",
    "packageSize": "7 pack",
    "cupPrice": "$1.43 per 1Ea",
    "locations": {
      "VIC": { "price": 10, "discountRate": 50, "promo": "", "orgPrice": 20 },
      "SA": { "price": 10, "discountRate": 50, "promo": "", "orgPrice": 20 },
      "QLD": { "price": 10, "discountRate": 50, "promo": "", "orgPrice": 20 },
      "NSW": { "price": 10, "discountRate": 50, "promo": "", "orgPrice": 20 },
      "WA": { "price": 10, "discountRate": 50, "promo": "", "orgPrice": 20 },
      "TAS": { "price": 10, "discountRate": 50, "promo": "", "orgPrice": 20 },
      "ACT": { "price": 10, "discountRate": 50, "promo": "", "orgPrice": 20 },
      "NT": { "price": 10.5, "discountRate": 50, "promo": "", "orgPrice": 21 }
    },
    "categoryIds": ["c-healthy-living", "c-health-beauty"],
    "similarProducts": []
  },
  {
    "id": "swisse-beauty-collagen-renew-powder-3758359p",
    "name": "Beauty Collagen Renew Powder",
    "brand": "Swisse",
    "imageUrls": [
      "https://shop.coles.com.au/wcsstore/Coles-CAS/images/3/7/5/3758359.jpg"
    ],
    "storeId": "coles",
    "packageSize": "120g",
    "cupPrice": "$12.08 per 100G",
    "locations": {
      "VIC": { "price": 14.5, "discountRate": 52, "promo": "", "orgPrice": 30 },
      "SA": { "price": 14.5, "discountRate": 52, "promo": "", "orgPrice": 30 },
      "QLD": { "price": 14.5, "discountRate": 52, "promo": "", "orgPrice": 30 },
      "NSW": { "price": 14.5, "discountRate": 52, "promo": "", "orgPrice": 30 },
      "WA": { "price": 14.5, "discountRate": 52, "promo": "", "orgPrice": 30 },
      "TAS": { "price": 14.5, "discountRate": 52, "promo": "", "orgPrice": 30 },
      "ACT": { "price": 14.5, "discountRate": 52, "promo": "", "orgPrice": 30 },
      "NT": {
        "price": 15.22,
        "discountRate": 52,
        "promo": "",
        "orgPrice": 31.5
      }
    },
    "categoryIds": ["c-healthy-living", "c-health-beauty"],
    "similarProducts": []
  },
  {
    "id": "swisse-beauty-collagen-balance-powder-3765434p",
    "name": "Beauty Collagen Balance Powder",
    "brand": "Swisse",
    "imageUrls": [
      "https://shop.coles.com.au/wcsstore/Coles-CAS/images/3/7/6/3765434.jpg"
    ],
    "storeId": "coles",
    "packageSize": "120 GRAM",
    "cupPrice": "",
    "locations": {
      "VIC": { "price": 14.5, "discountRate": 52, "promo": "", "orgPrice": 30 },
      "SA": { "price": 14.5, "discountRate": 52, "promo": "", "orgPrice": 30 },
      "QLD": { "price": 14.5, "discountRate": 52, "promo": "", "orgPrice": 30 },
      "NSW": { "price": 14.5, "discountRate": 52, "promo": "", "orgPrice": 30 },
      "WA": { "price": 14.5, "discountRate": 52, "promo": "", "orgPrice": 30 },
      "TAS": { "price": 14.5, "discountRate": 52, "promo": "", "orgPrice": 30 },
      "ACT": { "price": 14.5, "discountRate": 52, "promo": "", "orgPrice": 30 },
      "NT": {
        "price": 15.22,
        "discountRate": 52,
        "promo": "",
        "orgPrice": 31.5
      }
    },
    "categoryIds": ["c-healthy-living", "c-health-beauty"],
    "similarProducts": []
  },
  {
    "id": "swisse-hs-australian-apple-cider-vinegar-3758304p",
    "name": "High Strength Australian Apple Cider Vinegar",
    "brand": "Swisse",
    "imageUrls": [
      "https://shop.coles.com.au/wcsstore/Coles-CAS/images/3/7/5/3758304.jpg"
    ],
    "storeId": "coles",
    "packageSize": "60 PACK",
    "cupPrice": "",
    "locations": {
      "VIC": { "price": 8.5, "discountRate": 50, "promo": "", "orgPrice": 17 },
      "SA": { "price": 8.5, "discountRate": 50, "promo": "", "orgPrice": 17 },
      "QLD": { "price": 8.5, "discountRate": 50, "promo": "", "orgPrice": 17 },
      "NSW": { "price": 8.5, "discountRate": 50, "promo": "", "orgPrice": 17 },
      "WA": { "price": 8.5, "discountRate": 50, "promo": "", "orgPrice": 17 },
      "TAS": { "price": 8.5, "discountRate": 50, "promo": "", "orgPrice": 17 },
      "ACT": { "price": 8.5, "discountRate": 50, "promo": "", "orgPrice": 17 },
      "NT": {
        "price": 8.92,
        "discountRate": 50,
        "promo": "",
        "orgPrice": 17.85
      }
    },
    "categoryIds": ["c-healthy-living", "c-health-beauty"],
    "similarProducts": []
  },
  {
    "id": "swisse-high-strength-magnesium-powder-berry",
    "name": "High Strength Magnesium Powder Berry",
    "brand": "Swisse",
    "imageUrls": [
      "https://shop.coles.com.au/wcsstore/Coles-CAS/images/3/7/5/3758268.jpg"
    ],
    "storeId": "coles",
    "packageSize": "180g",
    "cupPrice": "$8.33 per 100G",
    "locations": {
      "VIC": { "price": 15, "discountRate": 50, "promo": "", "orgPrice": 30 },
      "SA": { "price": 15, "discountRate": 50, "promo": "", "orgPrice": 30 },
      "QLD": { "price": 15, "discountRate": 50, "promo": "", "orgPrice": 30 },
      "NSW": { "price": 15, "discountRate": 50, "promo": "", "orgPrice": 30 },
      "WA": { "price": 15, "discountRate": 50, "promo": "", "orgPrice": 30 },
      "TAS": { "price": 15, "discountRate": 50, "promo": "", "orgPrice": 30 },
      "ACT": { "price": 15, "discountRate": 50, "promo": "", "orgPrice": 30 },
      "NT": {
        "price": 15.75,
        "discountRate": 50,
        "promo": "",
        "orgPrice": 31.5
      }
    },
    "categoryIds": ["c-healthy-living", "c-health-beauty"],
    "similarProducts": []
  },
  {
    "id": "swisse-pure-hemp-sed-oil",
    "name": "Hemp Seed Oil Pure",
    "brand": "Swisse",
    "imageUrls": [
      "https://shop.coles.com.au/wcsstore/Coles-CAS/images/3/7/5/3758360.jpg"
    ],
    "storeId": "coles",
    "packageSize": "60 PACK",
    "cupPrice": "",
    "locations": {
      "VIC": { "price": 12.5, "discountRate": 50, "promo": "", "orgPrice": 25 },
      "SA": { "price": 12.5, "discountRate": 50, "promo": "", "orgPrice": 25 },
      "QLD": { "price": 12.5, "discountRate": 50, "promo": "", "orgPrice": 25 },
      "NSW": { "price": 12.5, "discountRate": 50, "promo": "", "orgPrice": 25 },
      "WA": { "price": 12.5, "discountRate": 50, "promo": "", "orgPrice": 25 },
      "TAS": { "price": 12.5, "discountRate": 50, "promo": "", "orgPrice": 25 },
      "ACT": { "price": 12.5, "discountRate": 50, "promo": "", "orgPrice": 25 },
      "NT": {
        "price": 13.12,
        "discountRate": 50,
        "promo": "",
        "orgPrice": 26.25
      }
    },
    "categoryIds": ["c-healthy-living", "c-health-beauty"],
    "similarProducts": []
  },
  {
    "id": "swisse-ultibost-high-strength-organic-tumeric-3758290p",
    "name": "Ultiboost High Strength Organic Tumeric",
    "brand": "Swisse",
    "imageUrls": [
      "https://shop.coles.com.au/wcsstore/Coles-CAS/images/3/7/5/3758290.jpg"
    ],
    "storeId": "coles",
    "packageSize": "30 PACK",
    "cupPrice": "",
    "locations": {
      "VIC": { "price": 12.5, "discountRate": 50, "promo": "", "orgPrice": 25 },
      "SA": { "price": 12.5, "discountRate": 50, "promo": "", "orgPrice": 25 },
      "QLD": { "price": 12.5, "discountRate": 50, "promo": "", "orgPrice": 25 },
      "NSW": { "price": 12.5, "discountRate": 50, "promo": "", "orgPrice": 25 },
      "WA": { "price": 12.5, "discountRate": 50, "promo": "", "orgPrice": 25 },
      "TAS": { "price": 12.5, "discountRate": 50, "promo": "", "orgPrice": 25 },
      "ACT": { "price": 12.5, "discountRate": 50, "promo": "", "orgPrice": 25 },
      "NT": {
        "price": 13.12,
        "discountRate": 50,
        "promo": "",
        "orgPrice": 26.25
      }
    },
    "categoryIds": ["c-healthy-living", "c-health-beauty"],
    "similarProducts": []
  },
  {
    "id": "swisse-high-strength-magnesium-powder-orange",
    "name": "High Strength Magnesium Powder Orange",
    "brand": "Swisse",
    "imageUrls": [
      "https://shop.coles.com.au/wcsstore/Coles-CAS/images/3/7/5/3758257.jpg"
    ],
    "storeId": "coles",
    "packageSize": "180g",
    "cupPrice": "$8.33 per 100G",
    "locations": {
      "VIC": { "price": 15, "discountRate": 50, "promo": "", "orgPrice": 30 },
      "SA": { "price": 15, "discountRate": 50, "promo": "", "orgPrice": 30 },
      "QLD": { "price": 15, "discountRate": 50, "promo": "", "orgPrice": 30 },
      "NSW": { "price": 15, "discountRate": 50, "promo": "", "orgPrice": 30 },
      "WA": { "price": 15, "discountRate": 50, "promo": "", "orgPrice": 30 },
      "TAS": { "price": 15, "discountRate": 50, "promo": "", "orgPrice": 30 },
      "ACT": { "price": 15, "discountRate": 50, "promo": "", "orgPrice": 30 },
      "NT": {
        "price": 15.75,
        "discountRate": 50,
        "promo": "",
        "orgPrice": 31.5
      }
    },
    "categoryIds": ["c-healthy-living", "c-health-beauty"],
    "similarProducts": []
  },
  {
    "id": "vitaqik-liposomal-turmeric-spray",
    "name": "Liposomal Turmeric Spray",
    "brand": "Vitaqik",
    "imageUrls": [
      "https://shop.coles.com.au/wcsstore/Coles-CAS/images/3/7/5/3758177.jpg"
    ],
    "storeId": "coles",
    "packageSize": "50mL",
    "cupPrice": "$20.00 per 100mL",
    "locations": {
      "VIC": { "price": 10, "discountRate": 50, "promo": "", "orgPrice": 20 },
      "SA": { "price": 10, "discountRate": 50, "promo": "", "orgPrice": 20 },
      "QLD": { "price": 10, "discountRate": 50, "promo": "", "orgPrice": 20 },
      "NSW": { "price": 10, "discountRate": 50, "promo": "", "orgPrice": 20 },
      "WA": { "price": 10, "discountRate": 50, "promo": "", "orgPrice": 20 },
      "TAS": { "price": 10, "discountRate": 50, "promo": "", "orgPrice": 20 },
      "ACT": { "price": 10, "discountRate": 50, "promo": "", "orgPrice": 20 },
      "NT": { "price": 10.5, "discountRate": 50, "promo": "", "orgPrice": 21 }
    },
    "categoryIds": ["c-healthy-living", "c-health-beauty"],
    "similarProducts": []
  },
  {
    "id": "vitaqik-liposomal-vitamin-c-spray",
    "name": "Liposomal Vitamin C Spray",
    "brand": "Vitaqik",
    "imageUrls": [
      "https://shop.coles.com.au/wcsstore/Coles-CAS/images/3/7/5/3758188.jpg"
    ],
    "storeId": "coles",
    "packageSize": "50mL",
    "cupPrice": "$20.00 per 100mL",
    "locations": {
      "VIC": { "price": 10, "discountRate": 50, "promo": "", "orgPrice": 20 },
      "SA": { "price": 10, "discountRate": 50, "promo": "", "orgPrice": 20 },
      "QLD": { "price": 10, "discountRate": 50, "promo": "", "orgPrice": 20 },
      "NSW": { "price": 10, "discountRate": 50, "promo": "", "orgPrice": 20 },
      "WA": { "price": 10, "discountRate": 50, "promo": "", "orgPrice": 20 },
      "TAS": { "price": 10, "discountRate": 50, "promo": "", "orgPrice": 20 },
      "ACT": { "price": 10, "discountRate": 50, "promo": "", "orgPrice": 20 },
      "NT": { "price": 10.5, "discountRate": 50, "promo": "", "orgPrice": 21 }
    },
    "categoryIds": ["c-healthy-living", "c-health-beauty"],
    "similarProducts": []
  },
  {
    "id": "comfort-fabric-softener-pure",
    "name": "Pure White Fabric Softener",
    "brand": "Comfort",
    "imageUrls": [
      "https://shop.coles.com.au/wcsstore/Coles-CAS/images/8/2/1/8210936.jpg"
    ],
    "storeId": "coles",
    "packageSize": "800mL",
    "cupPrice": "$4.38 per 1L",
    "locations": {
      "VIC": { "price": 3.5, "discountRate": 50, "promo": "", "orgPrice": 7 },
      "SA": { "price": 3.5, "discountRate": 50, "promo": "", "orgPrice": 7 },
      "QLD": { "price": 3.5, "discountRate": 50, "promo": "", "orgPrice": 7 },
      "NSW": { "price": 3.5, "discountRate": 50, "promo": "", "orgPrice": 7 },
      "WA": { "price": 3.5, "discountRate": 50, "promo": "", "orgPrice": 7 },
      "TAS": { "price": 3.5, "discountRate": 50, "promo": "", "orgPrice": 7 },
      "ACT": { "price": 3.5, "discountRate": 50, "promo": "", "orgPrice": 7 },
      "NT": { "price": 3.67, "discountRate": 50, "promo": "", "orgPrice": 7.35 }
    },
    "categoryIds": ["c-household"],
    "similarProducts": []
  },
  {
    "id": "bref-blue-active-toilet-cleaner-eucalyptus",
    "name": "Blue Active Toilet Cleaner Eucalyptus",
    "brand": "Bref",
    "imageUrls": [
      "https://shop.coles.com.au/wcsstore/Coles-CAS/images/3/0/3/3032819.jpg"
    ],
    "storeId": "coles",
    "packageSize": "50g",
    "cupPrice": "$6.00 per 100G",
    "locations": {
      "VIC": { "price": 3, "discountRate": 50, "promo": "", "orgPrice": 6 },
      "SA": { "price": 3, "discountRate": 50, "promo": "", "orgPrice": 6 },
      "QLD": { "price": 3, "discountRate": 50, "promo": "", "orgPrice": 6 },
      "NSW": { "price": 3, "discountRate": 50, "promo": "", "orgPrice": 6 },
      "WA": { "price": 3, "discountRate": 50, "promo": "", "orgPrice": 6 },
      "TAS": { "price": 3, "discountRate": 50, "promo": "", "orgPrice": 6 },
      "ACT": { "price": 3, "discountRate": 50, "promo": "", "orgPrice": 6 },
      "NT": { "price": 3.15, "discountRate": 50, "promo": "", "orgPrice": 6.3 }
    },
    "categoryIds": ["c-household"],
    "similarProducts": []
  },
  {
    "id": "comfort--fabric-softener-sky-blue",
    "name": "Sky Blue Fabric Softener",
    "brand": "Comfort",
    "imageUrls": [
      "https://shop.coles.com.au/wcsstore/Coles-CAS/images/8/2/1/8211043.jpg"
    ],
    "storeId": "coles",
    "packageSize": "800mL",
    "cupPrice": "$4.38 per 1L",
    "locations": {
      "VIC": { "price": 3.5, "discountRate": 50, "promo": "", "orgPrice": 7 },
      "SA": { "price": 3.5, "discountRate": 50, "promo": "", "orgPrice": 7 },
      "QLD": { "price": 3.5, "discountRate": 50, "promo": "", "orgPrice": 7 },
      "NSW": { "price": 3.5, "discountRate": 50, "promo": "", "orgPrice": 7 },
      "WA": { "price": 3.5, "discountRate": 50, "promo": "", "orgPrice": 7 },
      "TAS": { "price": 3.5, "discountRate": 50, "promo": "", "orgPrice": 7 },
      "ACT": { "price": 3.5, "discountRate": 50, "promo": "", "orgPrice": 7 },
      "NT": { "price": 3.67, "discountRate": 50, "promo": "", "orgPrice": 7.35 }
    },
    "categoryIds": ["c-household"],
    "similarProducts": []
  },
  {
    "id": "handee-ultra-paper-towels-white",
    "name": "Ultra White Paper Towels",
    "brand": "Handee",
    "imageUrls": [
      "https://shop.coles.com.au/wcsstore/Coles-CAS/images/7/3/1/7316589.jpg"
    ],
    "storeId": "coles",
    "packageSize": "4 pack",
    "cupPrice": "$1.15 per 100Ea",
    "locations": {
      "VIC": {
        "price": 2.75,
        "discountRate": 50,
        "promo": "",
        "orgPrice": 5.5
      },
      "SA": { "price": 2.75, "discountRate": 50, "promo": "", "orgPrice": 5.5 },
      "QLD": {
        "price": 2.75,
        "discountRate": 50,
        "promo": "",
        "orgPrice": 5.5
      },
      "NSW": {
        "price": 2.75,
        "discountRate": 50,
        "promo": "",
        "orgPrice": 5.5
      },
      "WA": { "price": 2.75, "discountRate": 50, "promo": "", "orgPrice": 5.5 },
      "TAS": {
        "price": 2.75,
        "discountRate": 50,
        "promo": "",
        "orgPrice": 5.5
      },
      "ACT": {
        "price": 2.75,
        "discountRate": 50,
        "promo": "",
        "orgPrice": 5.5
      },
      "NT": { "price": 2.89, "discountRate": 50, "promo": "", "orgPrice": 5.78 }
    },
    "categoryIds": ["c-household"],
    "similarProducts": []
  },
  {
    "id": "finish-0-dishwashing-tablets-3513318p",
    "name": "Dishwasher Tablets",
    "brand": "Finish",
    "imageUrls": [
      "https://shop.coles.com.au/wcsstore/Coles-CAS/images/3/5/1/3513318.jpg"
    ],
    "storeId": "coles",
    "packageSize": "42 pack",
    "cupPrice": "$0.38 per 1Ea",
    "locations": {
      "VIC": { "price": 16, "discountRate": 50, "promo": "", "orgPrice": 32 },
      "SA": { "price": 16, "discountRate": 50, "promo": "", "orgPrice": 32 },
      "QLD": { "price": 16, "discountRate": 50, "promo": "", "orgPrice": 32 },
      "NSW": { "price": 16, "discountRate": 50, "promo": "", "orgPrice": 32 },
      "WA": { "price": 16, "discountRate": 50, "promo": "", "orgPrice": 32 },
      "TAS": { "price": 16, "discountRate": 50, "promo": "", "orgPrice": 32 },
      "ACT": { "price": 16, "discountRate": 50, "promo": "", "orgPrice": 32 },
      "NT": { "price": 16.8, "discountRate": 50, "promo": "", "orgPrice": 33.6 }
    },
    "categoryIds": ["c-household"],
    "similarProducts": []
  },
  {
    "id": "finish-dishwasher-cleaner-lemon",
    "name": "Lemon Dishwasher Cleaner",
    "brand": "Finish",
    "imageUrls": [
      "https://shop.coles.com.au/wcsstore/Coles-CAS/images/7/5/5/7556017.jpg"
    ],
    "storeId": "coles",
    "packageSize": "250mL",
    "cupPrice": "$3.20 per 100mL",
    "locations": {
      "VIC": {
        "price": 8,
        "discountRate": 50,
        "promo": "Any 2 $8",
        "orgPrice": 8
      },
      "SA": {
        "price": 8,
        "discountRate": 50,
        "promo": "Any 2 $8",
        "orgPrice": 8
      },
      "QLD": {
        "price": 8,
        "discountRate": 50,
        "promo": "Any 2 $8",
        "orgPrice": 8
      },
      "NSW": {
        "price": 8,
        "discountRate": 50,
        "promo": "Any 2 $8",
        "orgPrice": 8
      },
      "WA": {
        "price": 8,
        "discountRate": 50,
        "promo": "Any 2 $8",
        "orgPrice": 8
      },
      "TAS": {
        "price": 8,
        "discountRate": 50,
        "promo": "Any 2 $8",
        "orgPrice": 8
      },
      "ACT": {
        "price": 8,
        "discountRate": 50,
        "promo": "Any 2 $8",
        "orgPrice": 8
      },
      "NT": {
        "price": 8.4,
        "discountRate": 52,
        "promo": "Any 2 $8",
        "orgPrice": 8.4
      }
    },
    "categoryIds": ["c-household"],
    "similarProducts": []
  },
  {
    "id": "morning-fresh-dishwashing-liquid-super-concentrate-original-fresh-9736075p",
    "name": "Super Strength Original Dishwashing Liquid",
    "brand": "Morning Fresh",
    "imageUrls": [
      "https://shop.coles.com.au/wcsstore/Coles-CAS/images/9/7/3/9736075.jpg"
    ],
    "storeId": "coles",
    "packageSize": "900mL",
    "cupPrice": "$0.42 per 100mL",
    "locations": {
      "VIC": {
        "price": 3.75,
        "discountRate": 50,
        "promo": "",
        "orgPrice": 7.5
      },
      "SA": { "price": 3.75, "discountRate": 50, "promo": "", "orgPrice": 7.5 },
      "QLD": {
        "price": 3.75,
        "discountRate": 50,
        "promo": "",
        "orgPrice": 7.5
      },
      "NSW": {
        "price": 3.75,
        "discountRate": 50,
        "promo": "",
        "orgPrice": 7.5
      },
      "WA": { "price": 3.75, "discountRate": 50, "promo": "", "orgPrice": 7.5 },
      "TAS": {
        "price": 3.75,
        "discountRate": 50,
        "promo": "",
        "orgPrice": 7.5
      },
      "ACT": {
        "price": 3.75,
        "discountRate": 50,
        "promo": "",
        "orgPrice": 7.5
      },
      "NT": { "price": 3.94, "discountRate": 47, "promo": "", "orgPrice": 7.5 }
    },
    "categoryIds": ["c-household"],
    "similarProducts": []
  },
  {
    "id": "biozet-attack-front-top-loader-laundry-powder",
    "name": "Attack Front & Top Loader Laundry Powder",
    "brand": "Biozet",
    "imageUrls": [
      "https://shop.coles.com.au/wcsstore/Coles-CAS/images/2/5/9/2597877.jpg"
    ],
    "storeId": "coles",
    "packageSize": "2kg",
    "cupPrice": "$5.00 per 1Kg",
    "locations": {
      "VIC": { "price": 10, "discountRate": 50, "promo": "", "orgPrice": 20 },
      "SA": { "price": 10, "discountRate": 50, "promo": "", "orgPrice": 20 },
      "QLD": { "price": 10, "discountRate": 50, "promo": "", "orgPrice": 20 },
      "NSW": { "price": 10, "discountRate": 50, "promo": "", "orgPrice": 20 },
      "WA": { "price": 10, "discountRate": 50, "promo": "", "orgPrice": 20 },
      "TAS": { "price": 10, "discountRate": 50, "promo": "", "orgPrice": 20 },
      "ACT": { "price": 10, "discountRate": 50, "promo": "", "orgPrice": 20 },
      "NT": { "price": 10.5, "discountRate": 50, "promo": "", "orgPrice": 21 }
    },
    "categoryIds": ["c-household"],
    "similarProducts": [
      { "productId": "w-431171-4901301511591", "storeId": "woolworths" }
    ]
  },
  {
    "id": "finish-dishwash-quantum-ultimate-pro-lemon-3679150p",
    "name": "Quantum Ultimate Pro Lemon Dishwash Tablets",
    "brand": "Finish",
    "imageUrls": [
      "https://shop.coles.com.au/wcsstore/Coles-CAS/images/3/6/7/3679150.jpg"
    ],
    "storeId": "coles",
    "packageSize": "32 pack",
    "cupPrice": "$0.50 per 1Ea",
    "locations": {
      "VIC": { "price": 16, "discountRate": 50, "promo": "", "orgPrice": 32 },
      "SA": { "price": 16, "discountRate": 50, "promo": "", "orgPrice": 32 },
      "QLD": { "price": 16, "discountRate": 50, "promo": "", "orgPrice": 32 },
      "NSW": { "price": 16, "discountRate": 50, "promo": "", "orgPrice": 32 },
      "WA": { "price": 16, "discountRate": 50, "promo": "", "orgPrice": 32 },
      "TAS": { "price": 16, "discountRate": 50, "promo": "", "orgPrice": 32 },
      "ACT": { "price": 16, "discountRate": 50, "promo": "", "orgPrice": 32 },
      "NT": { "price": 16.8, "discountRate": 50, "promo": "", "orgPrice": 33.6 }
    },
    "categoryIds": ["c-household"],
    "similarProducts": []
  },
  {
    "id": "biozet-attack-front-top-loader-liquid",
    "name": "Attack Front & Top Loader Regular Laundry Liquid",
    "brand": "Biozet",
    "imageUrls": [
      "https://shop.coles.com.au/wcsstore/Coles-CAS/images/2/6/8/2688214.jpg"
    ],
    "storeId": "coles",
    "packageSize": "2L",
    "cupPrice": "$5.00 per 1L",
    "locations": {
      "VIC": { "price": 10, "discountRate": 50, "promo": "", "orgPrice": 20 },
      "SA": { "price": 10, "discountRate": 50, "promo": "", "orgPrice": 20 },
      "QLD": { "price": 10, "discountRate": 50, "promo": "", "orgPrice": 20 },
      "NSW": { "price": 10, "discountRate": 50, "promo": "", "orgPrice": 20 },
      "WA": { "price": 10, "discountRate": 50, "promo": "", "orgPrice": 20 },
      "TAS": { "price": 10, "discountRate": 50, "promo": "", "orgPrice": 20 },
      "ACT": { "price": 10, "discountRate": 50, "promo": "", "orgPrice": 20 },
      "NT": { "price": 10.5, "discountRate": 50, "promo": "", "orgPrice": 21 }
    },
    "categoryIds": ["c-household"],
    "similarProducts": [
      { "productId": "w-425288-4710363777698", "storeId": "woolworths" }
    ]
  },
  {
    "id": "finish-dishwasher-cleaner",
    "name": "Original Dishwasher Cleaner",
    "brand": "Finish",
    "imageUrls": [
      "https://shop.coles.com.au/wcsstore/Coles-CAS/images/6/5/7/6573123.jpg"
    ],
    "storeId": "coles",
    "packageSize": "250mL",
    "cupPrice": "$3.20 per 100mL",
    "locations": {
      "VIC": {
        "price": 8,
        "discountRate": 50,
        "promo": "Any 2 $8",
        "orgPrice": 8
      },
      "SA": {
        "price": 8,
        "discountRate": 50,
        "promo": "Any 2 $8",
        "orgPrice": 8
      },
      "QLD": {
        "price": 8,
        "discountRate": 50,
        "promo": "Any 2 $8",
        "orgPrice": 8
      },
      "NSW": {
        "price": 8,
        "discountRate": 50,
        "promo": "Any 2 $8",
        "orgPrice": 8
      },
      "WA": {
        "price": 8,
        "discountRate": 50,
        "promo": "Any 2 $8",
        "orgPrice": 8
      },
      "TAS": {
        "price": 8,
        "discountRate": 50,
        "promo": "Any 2 $8",
        "orgPrice": 8
      },
      "ACT": {
        "price": 8,
        "discountRate": 50,
        "promo": "Any 2 $8",
        "orgPrice": 8
      },
      "NT": {
        "price": 8.4,
        "discountRate": 52,
        "promo": "Any 2 $8",
        "orgPrice": 8.4
      }
    },
    "categoryIds": ["c-household"],
    "similarProducts": []
  },
  {
    "id": "finish-in-wash-dishwasher-cleaner",
    "name": "Dishwasher Cleaner Tablets",
    "brand": "Finish",
    "imageUrls": [
      "https://shop.coles.com.au/wcsstore/Coles-CAS/images/3/5/1/3514682.jpg"
    ],
    "storeId": "coles",
    "packageSize": "3 pack",
    "cupPrice": "$1.67 per 1Ea",
    "locations": {
      "VIC": { "price": 5, "discountRate": 50, "promo": "", "orgPrice": 10 },
      "SA": { "price": 5, "discountRate": 50, "promo": "", "orgPrice": 10 },
      "QLD": { "price": 5, "discountRate": 50, "promo": "", "orgPrice": 10 },
      "NSW": { "price": 5, "discountRate": 50, "promo": "", "orgPrice": 10 },
      "WA": { "price": 5, "discountRate": 50, "promo": "", "orgPrice": 10 },
      "TAS": { "price": 5, "discountRate": 50, "promo": "", "orgPrice": 10 },
      "ACT": { "price": 5, "discountRate": 50, "promo": "", "orgPrice": 10 },
      "NT": { "price": 5.25, "discountRate": 50, "promo": "", "orgPrice": 10.5 }
    },
    "categoryIds": ["c-household"],
    "similarProducts": []
  },
  {
    "id": "finish-quantum-ultimate-pro-baking-soda",
    "name": "Quantum Ultimate Pro Baking Soda",
    "brand": "Finish",
    "imageUrls": [
      "https://shop.coles.com.au/wcsstore/Coles-CAS/images/3/7/0/3701012.jpg"
    ],
    "storeId": "coles",
    "packageSize": "32 pack",
    "cupPrice": "$0.50 per 1Ea",
    "locations": {
      "VIC": { "price": 16, "discountRate": 50, "promo": "", "orgPrice": 32 },
      "SA": { "price": 16, "discountRate": 50, "promo": "", "orgPrice": 32 },
      "QLD": { "price": 16, "discountRate": 50, "promo": "", "orgPrice": 32 },
      "NSW": { "price": 16, "discountRate": 50, "promo": "", "orgPrice": 32 },
      "WA": { "price": 16, "discountRate": 50, "promo": "", "orgPrice": 32 },
      "TAS": { "price": 16, "discountRate": 50, "promo": "", "orgPrice": 32 },
      "ACT": { "price": 16, "discountRate": 50, "promo": "", "orgPrice": 32 },
      "NT": { "price": 16.8, "discountRate": 50, "promo": "", "orgPrice": 33.6 }
    },
    "categoryIds": ["c-household"],
    "similarProducts": []
  },
  {
    "id": "finish-dishwash-quantum-ultimate-pro-original",
    "name": "Quantum Ultimate Pro Original Dishwash Tablets",
    "brand": "Finish",
    "imageUrls": [
      "https://shop.coles.com.au/wcsstore/Coles-CAS/images/3/6/7/3679140.jpg"
    ],
    "storeId": "coles",
    "packageSize": "32 pack",
    "cupPrice": "$0.50 per 1Ea",
    "locations": {
      "VIC": { "price": 16, "discountRate": 50, "promo": "", "orgPrice": 32 },
      "SA": { "price": 16, "discountRate": 50, "promo": "", "orgPrice": 32 },
      "QLD": { "price": 16, "discountRate": 50, "promo": "", "orgPrice": 32 },
      "NSW": { "price": 16, "discountRate": 50, "promo": "", "orgPrice": 32 },
      "WA": { "price": 16, "discountRate": 50, "promo": "", "orgPrice": 32 },
      "TAS": { "price": 16, "discountRate": 50, "promo": "", "orgPrice": 32 },
      "ACT": { "price": 16, "discountRate": 50, "promo": "", "orgPrice": 32 },
      "NT": { "price": 16.8, "discountRate": 50, "promo": "", "orgPrice": 33.6 }
    },
    "categoryIds": ["c-household"],
    "similarProducts": []
  },
  {
    "id": "morning-fresh-dishwashing-liquid-super-concentrate-lime-fresh",
    "name": "Super Strength Lime Fresh Dishwashing Liquid",
    "brand": "Morning Fresh",
    "imageUrls": [
      "https://shop.coles.com.au/wcsstore/Coles-CAS/images/5/0/9/5091513.jpg"
    ],
    "storeId": "coles",
    "packageSize": "900mL",
    "cupPrice": "$0.42 per 100mL",
    "locations": {
      "VIC": {
        "price": 3.75,
        "discountRate": 50,
        "promo": "",
        "orgPrice": 7.5
      },
      "SA": { "price": 3.75, "discountRate": 50, "promo": "", "orgPrice": 7.5 },
      "QLD": {
        "price": 3.75,
        "discountRate": 50,
        "promo": "",
        "orgPrice": 7.5
      },
      "NSW": {
        "price": 3.75,
        "discountRate": 50,
        "promo": "",
        "orgPrice": 7.5
      },
      "WA": { "price": 3.75, "discountRate": 50, "promo": "", "orgPrice": 7.5 },
      "TAS": {
        "price": 3.75,
        "discountRate": 50,
        "promo": "",
        "orgPrice": 7.5
      },
      "ACT": {
        "price": 3.75,
        "discountRate": 50,
        "promo": "",
        "orgPrice": 7.5
      },
      "NT": {
        "price": 3.94,
        "discountRate": 49,
        "promo": "",
        "orgPrice": 7.779999999999999
      }
    },
    "categoryIds": ["c-household"],
    "similarProducts": []
  },
  {
    "id": "morning-fresh-dishwashing-liquid-super-concentrate-lemon-fresh",
    "name": "Super Strength Lemon Dishwashing Liquid",
    "brand": "Morning Fresh",
    "imageUrls": [
      "https://shop.coles.com.au/wcsstore/Coles-CAS/images/9/7/3/9735935.jpg"
    ],
    "storeId": "coles",
    "packageSize": "900mL",
    "cupPrice": "$0.42 per 100mL",
    "locations": {
      "VIC": {
        "price": 3.75,
        "discountRate": 50,
        "promo": "",
        "orgPrice": 7.5
      },
      "SA": { "price": 3.75, "discountRate": 50, "promo": "", "orgPrice": 7.5 },
      "QLD": {
        "price": 3.75,
        "discountRate": 50,
        "promo": "",
        "orgPrice": 7.5
      },
      "NSW": {
        "price": 3.75,
        "discountRate": 50,
        "promo": "",
        "orgPrice": 7.5
      },
      "WA": { "price": 3.75, "discountRate": 50, "promo": "", "orgPrice": 7.5 },
      "TAS": {
        "price": 3.75,
        "discountRate": 50,
        "promo": "",
        "orgPrice": 7.5
      },
      "ACT": {
        "price": 3.75,
        "discountRate": 50,
        "promo": "",
        "orgPrice": 7.5
      },
      "NT": { "price": 3.94, "discountRate": 47, "promo": "", "orgPrice": 7.5 }
    },
    "categoryIds": ["c-household"],
    "similarProducts": []
  },
  {
    "id": "morning-fresh-dishwashing-liquid-raspberry-crisp-ap",
    "name": "Raspberry & Crisp Apple Dishwashing Liquid",
    "brand": "Morning Fresh",
    "imageUrls": [
      "https://shop.coles.com.au/wcsstore/Coles-CAS/images/3/2/0/3208890.jpg"
    ],
    "storeId": "coles",
    "packageSize": "900mL",
    "cupPrice": "$0.42 per 100mL",
    "locations": {
      "VIC": {
        "price": 3.75,
        "discountRate": 50,
        "promo": "",
        "orgPrice": 7.5
      },
      "SA": { "price": 3.75, "discountRate": 50, "promo": "", "orgPrice": 7.5 },
      "QLD": {
        "price": 3.75,
        "discountRate": 50,
        "promo": "",
        "orgPrice": 7.5
      },
      "NSW": {
        "price": 3.75,
        "discountRate": 50,
        "promo": "",
        "orgPrice": 7.5
      },
      "WA": { "price": 3.75, "discountRate": 50, "promo": "", "orgPrice": 7.5 },
      "TAS": {
        "price": 3.75,
        "discountRate": 50,
        "promo": "",
        "orgPrice": 7.5
      },
      "ACT": {
        "price": 3.75,
        "discountRate": 50,
        "promo": "",
        "orgPrice": 7.5
      },
      "NT": { "price": 3.94, "discountRate": 50, "promo": "", "orgPrice": 7.88 }
    },
    "categoryIds": ["c-household"],
    "similarProducts": []
  },
  {
    "id": "sistema-ultra-container-13-litre",
    "name": "Ultra Clear Tritan Container 1.3L",
    "brand": "Sistema",
    "imageUrls": [
      "https://shop.coles.com.au/wcsstore/Coles-CAS/images/3/6/3/3633160.jpg"
    ],
    "storeId": "coles",
    "packageSize": "",
    "cupPrice": "$6.00 per 1Ea",
    "categoryIds": ["c-household"],
    "similarProducts": [],
    "locations": {
      "ALL": { "price": 6, "discountRate": 50, "promo": "", "orgPrice": 12 }
    }
  },
  {
    "id": "sistema-ultra-container-920ml",
    "name": "Ultra Clear Tritan Container 920mL",
    "brand": "Sistema",
    "imageUrls": [
      "https://shop.coles.com.au/wcsstore/Coles-CAS/images/3/6/3/3633149.jpg"
    ],
    "storeId": "coles",
    "packageSize": "",
    "cupPrice": "$5.00 per 1Ea",
    "categoryIds": ["c-household"],
    "similarProducts": [],
    "locations": {
      "ALL": { "price": 5, "discountRate": 50, "promo": "", "orgPrice": 10 }
    }
  },
  {
    "id": "comfort-fbrc-conditioner-exotic-oriental",
    "name": "Exotic Oriental Fabric Conditioner",
    "brand": "Comfort",
    "imageUrls": [
      "https://shop.coles.com.au/wcsstore/Coles-CAS/images/3/7/3/3735590.jpg"
    ],
    "storeId": "coles",
    "packageSize": "750mL",
    "cupPrice": "$4.67 per 1L",
    "locations": {
      "VIC": { "price": 3.5, "discountRate": 50, "promo": "", "orgPrice": 7 },
      "SA": { "price": 3.5, "discountRate": 50, "promo": "", "orgPrice": 7 },
      "QLD": { "price": 3.5, "discountRate": 50, "promo": "", "orgPrice": 7 },
      "NSW": { "price": 3.5, "discountRate": 50, "promo": "", "orgPrice": 7 },
      "TAS": { "price": 3.5, "discountRate": 50, "promo": "", "orgPrice": 7 },
      "ACT": { "price": 3.5, "discountRate": 50, "promo": "", "orgPrice": 7 },
      "NT": { "price": 3.67, "discountRate": 50, "promo": "", "orgPrice": 7.35 }
    },
    "categoryIds": ["c-household"],
    "similarProducts": []
  },
  {
    "id": "biozet-attack-plus-softener",
    "name": "Attack Plus Softener",
    "brand": "Biozet",
    "imageUrls": [
      "https://shop.coles.com.au/wcsstore/Coles-CAS/images/3/1/9/3196430.jpg"
    ],
    "storeId": "coles",
    "packageSize": "2L",
    "cupPrice": "$5.50 per 1L",
    "locations": {
      "VIC": { "price": 11, "discountRate": 50, "promo": "", "orgPrice": 22 },
      "SA": { "price": 11, "discountRate": 50, "promo": "", "orgPrice": 22 },
      "QLD": { "price": 11, "discountRate": 50, "promo": "", "orgPrice": 22 },
      "NSW": { "price": 11, "discountRate": 50, "promo": "", "orgPrice": 22 },
      "WA": { "price": 11, "discountRate": 50, "promo": "", "orgPrice": 22 },
      "TAS": { "price": 11, "discountRate": 50, "promo": "", "orgPrice": 22 },
      "ACT": { "price": 11, "discountRate": 50, "promo": "", "orgPrice": 22 },
      "NT": {
        "price": 11.55,
        "discountRate": 50,
        "promo": "",
        "orgPrice": 23.1
      }
    },
    "categoryIds": ["c-household"],
    "similarProducts": []
  },
  {
    "id": "biozet-attack-plus-eliminator-laundry-liq",
    "name": "Attack Plus Eliminator Laundry Powder",
    "brand": "Biozet",
    "imageUrls": [
      "https://shop.coles.com.au/wcsstore/Coles-CAS/images/3/7/8/3788000.jpg"
    ],
    "storeId": "coles",
    "packageSize": "2kg",
    "cupPrice": "$5.50 per 1Kg",
    "locations": {
      "VIC": { "price": 11, "discountRate": 50, "promo": "", "orgPrice": 22 },
      "SA": { "price": 11, "discountRate": 50, "promo": "", "orgPrice": 22 },
      "QLD": { "price": 11, "discountRate": 50, "promo": "", "orgPrice": 22 },
      "NSW": { "price": 11, "discountRate": 50, "promo": "", "orgPrice": 22 },
      "WA": { "price": 11, "discountRate": 50, "promo": "", "orgPrice": 22 },
      "TAS": { "price": 11, "discountRate": 50, "promo": "", "orgPrice": 22 },
      "ACT": { "price": 11, "discountRate": 50, "promo": "", "orgPrice": 22 },
      "NT": {
        "price": 11.55,
        "discountRate": 50,
        "promo": "",
        "orgPrice": 23.1
      }
    },
    "categoryIds": ["c-household"],
    "similarProducts": []
  },
  {
    "id": "bref-purple-active-in-bowl-lavender",
    "name": "Purple Active Lavender",
    "brand": "Bref",
    "imageUrls": [
      "https://shop.coles.com.au/wcsstore/Coles-CAS/images/3/7/4/3744773.jpg"
    ],
    "storeId": "coles",
    "packageSize": "50g",
    "cupPrice": "$6.00 per 100G",
    "locations": {
      "VIC": { "price": 3, "discountRate": 50, "promo": "", "orgPrice": 6 },
      "SA": { "price": 3, "discountRate": 50, "promo": "", "orgPrice": 6 },
      "QLD": { "price": 3, "discountRate": 50, "promo": "", "orgPrice": 6 },
      "NSW": { "price": 3, "discountRate": 50, "promo": "", "orgPrice": 6 },
      "WA": { "price": 3, "discountRate": 50, "promo": "", "orgPrice": 6 },
      "TAS": { "price": 3, "discountRate": 50, "promo": "", "orgPrice": 6 },
      "ACT": { "price": 3, "discountRate": 50, "promo": "", "orgPrice": 6 },
      "NT": { "price": 3.15, "discountRate": 50, "promo": "", "orgPrice": 6.3 }
    },
    "categoryIds": ["c-household"],
    "similarProducts": []
  },
  {
    "id": "comfort-aromatherapy-fabric-soft-amber-rose",
    "name": "Aromatherapy Amber And Rose Fabric Conditioner",
    "brand": "Comfort",
    "imageUrls": [
      "https://shop.coles.com.au/wcsstore/Coles-CAS/images/2/9/1/2916319.jpg"
    ],
    "storeId": "coles",
    "packageSize": "750mL",
    "cupPrice": "$4.67 per 1L",
    "locations": {
      "VIC": { "price": 3.5, "discountRate": 50, "promo": "", "orgPrice": 7 },
      "SA": { "price": 3.5, "discountRate": 50, "promo": "", "orgPrice": 7 },
      "QLD": { "price": 3.5, "discountRate": 50, "promo": "", "orgPrice": 7 },
      "NSW": { "price": 3.5, "discountRate": 50, "promo": "", "orgPrice": 7 },
      "WA": { "price": 3.5, "discountRate": 50, "promo": "", "orgPrice": 7 },
      "TAS": { "price": 3.5, "discountRate": 50, "promo": "", "orgPrice": 7 },
      "ACT": { "price": 3.5, "discountRate": 50, "promo": "", "orgPrice": 7 },
      "NT": { "price": 3.67, "discountRate": 50, "promo": "", "orgPrice": 7.35 }
    },
    "categoryIds": ["c-household"],
    "similarProducts": []
  },
  {
    "id": "biozet-attack-plus-quick-wash-laundry-liquid",
    "name": "Attack Plus Quick Wash Laundry Liquid",
    "brand": "Biozet",
    "imageUrls": [
      "https://shop.coles.com.au/wcsstore/Coles-CAS/images/3/7/8/3788054.jpg"
    ],
    "storeId": "coles",
    "packageSize": "2L",
    "cupPrice": "$5.50 per 1L",
    "locations": {
      "VIC": { "price": 11, "discountRate": 50, "promo": "", "orgPrice": 22 },
      "SA": { "price": 11, "discountRate": 50, "promo": "", "orgPrice": 22 },
      "QLD": { "price": 11, "discountRate": 50, "promo": "", "orgPrice": 22 },
      "TAS": { "price": 11, "discountRate": 50, "promo": "", "orgPrice": 22 },
      "ACT": { "price": 11, "discountRate": 50, "promo": "", "orgPrice": 22 }
    },
    "categoryIds": ["c-household"],
    "similarProducts": []
  },
  {
    "id": "biozet-attack-plus-eliminator-laundry-liquid",
    "name": "Eliminator Laundry Liquid",
    "brand": "Biozet Attack Plus",
    "imageUrls": [
      "https://shop.coles.com.au/wcsstore/Coles-CAS/images/3/4/6/3465157.jpg"
    ],
    "storeId": "coles",
    "packageSize": "2L",
    "cupPrice": "$5.50 per 1L",
    "locations": {
      "VIC": { "price": 11, "discountRate": 50, "promo": "", "orgPrice": 22 },
      "SA": { "price": 11, "discountRate": 50, "promo": "", "orgPrice": 22 },
      "QLD": { "price": 11, "discountRate": 50, "promo": "", "orgPrice": 22 },
      "NSW": { "price": 11, "discountRate": 50, "promo": "", "orgPrice": 22 },
      "WA": { "price": 11, "discountRate": 50, "promo": "", "orgPrice": 22 },
      "TAS": { "price": 11, "discountRate": 50, "promo": "", "orgPrice": 22 },
      "ACT": { "price": 11, "discountRate": 50, "promo": "", "orgPrice": 22 },
      "NT": {
        "price": 11.55,
        "discountRate": 50,
        "promo": "",
        "orgPrice": 23.1
      }
    },
    "categoryIds": ["c-household"],
    "similarProducts": []
  },
  {
    "id": "bonds-mens-trunks-guy-front-large",
    "name": "Mens Guyfront Trunks Large",
    "brand": "Bonds",
    "imageUrls": [
      "https://shop.coles.com.au/wcsstore/Coles-CAS/images/5/2/1/5215343.jpg"
    ],
    "storeId": "coles",
    "packageSize": "1 pack",
    "cupPrice": "",
    "locations": {
      "VIC": { "price": 11, "discountRate": 50, "promo": "", "orgPrice": 22 },
      "SA": { "price": 11, "discountRate": 50, "promo": "", "orgPrice": 22 },
      "QLD": { "price": 11, "discountRate": 45, "promo": "", "orgPrice": 20 },
      "NSW": { "price": 11, "discountRate": 45, "promo": "", "orgPrice": 20 },
      "WA": { "price": 11, "discountRate": 50, "promo": "", "orgPrice": 22 },
      "TAS": { "price": 11, "discountRate": 45, "promo": "", "orgPrice": 20 },
      "ACT": { "price": 11, "discountRate": 45, "promo": "", "orgPrice": 20 },
      "NT": { "price": 11, "discountRate": 45, "promo": "", "orgPrice": 20 }
    },
    "categoryIds": ["c-household"],
    "similarProducts": []
  },
  {
    "id": "bonds-1089s-ladies-bikini-briefs-3629797p",
    "name": "1089s Ladies Bikini Briefs Size 12",
    "brand": "Bonds",
    "imageUrls": [
      "https://shop.coles.com.au/wcsstore/Coles-CAS/images/3/6/2/3629797.jpg"
    ],
    "storeId": "coles",
    "packageSize": "2 pack",
    "cupPrice": "$4.50 per 1Ea",
    "categoryIds": ["c-household"],
    "similarProducts": [],
    "locations": {
      "ALL": { "price": 9, "discountRate": 50, "promo": "", "orgPrice": 18 }
    }
  },
  {
    "id": "bonds-1089s-ladies-bikini-briefs-3629786p",
    "name": "1089s Ladies Bikini Briefs Size 10",
    "brand": "Bonds",
    "imageUrls": [
      "https://shop.coles.com.au/wcsstore/Coles-CAS/images/3/6/2/3629786.jpg"
    ],
    "storeId": "coles",
    "packageSize": "2 pack",
    "cupPrice": "$4.50 per 1Ea",
    "categoryIds": ["c-household"],
    "similarProducts": [],
    "locations": {
      "ALL": { "price": 9, "discountRate": 50, "promo": "", "orgPrice": 18 }
    }
  },
  {
    "id": "bref-scent-switch-toilet-cleaner-marine-citrus",
    "name": "Scent Switch Marine Aromatic & Citrus Toilet Cleaner",
    "brand": "Bref",
    "imageUrls": [
      "https://shop.coles.com.au/wcsstore/Coles-CAS/images/3/4/7/3475875.jpg"
    ],
    "storeId": "coles",
    "packageSize": "50g",
    "cupPrice": "$6.00 per 100G",
    "locations": {
      "VIC": { "price": 3, "discountRate": 50, "promo": "", "orgPrice": 6 },
      "SA": { "price": 3, "discountRate": 50, "promo": "", "orgPrice": 6 },
      "QLD": { "price": 3, "discountRate": 50, "promo": "", "orgPrice": 6 },
      "NSW": { "price": 3, "discountRate": 50, "promo": "", "orgPrice": 6 },
      "WA": { "price": 3, "discountRate": 50, "promo": "", "orgPrice": 6 },
      "TAS": { "price": 3, "discountRate": 50, "promo": "", "orgPrice": 6 },
      "ACT": { "price": 3, "discountRate": 50, "promo": "", "orgPrice": 6 },
      "NT": { "price": 3.15, "discountRate": 50, "promo": "", "orgPrice": 6.3 }
    },
    "categoryIds": ["c-household"],
    "similarProducts": []
  },
  {
    "id": "bref-scent-switch-toilet-cleaner-apple-lily",
    "name": "Floral Apple & Water Lily Scent Switch Toilet Cleaner",
    "brand": "Bref",
    "imageUrls": [
      "https://shop.coles.com.au/wcsstore/Coles-CAS/images/3/4/7/3475853.jpg"
    ],
    "storeId": "coles",
    "packageSize": "50g",
    "cupPrice": "$6.00 per 100G",
    "locations": {
      "VIC": { "price": 3, "discountRate": 50, "promo": "", "orgPrice": 6 },
      "SA": { "price": 3, "discountRate": 50, "promo": "", "orgPrice": 6 },
      "QLD": { "price": 3, "discountRate": 50, "promo": "", "orgPrice": 6 },
      "NSW": { "price": 3, "discountRate": 50, "promo": "", "orgPrice": 6 },
      "WA": { "price": 3, "discountRate": 50, "promo": "", "orgPrice": 6 },
      "TAS": { "price": 3, "discountRate": 50, "promo": "", "orgPrice": 6 },
      "ACT": { "price": 3, "discountRate": 50, "promo": "", "orgPrice": 6 },
      "NT": { "price": 3.15, "discountRate": 50, "promo": "", "orgPrice": 6.3 }
    },
    "categoryIds": ["c-household"],
    "similarProducts": []
  },
  {
    "id": "bref-scent-switch-toilet-cleaner-peach-apple",
    "name": "Scent Switch Peach & Apple Toilet Cleaner",
    "brand": "Bref",
    "imageUrls": [
      "https://shop.coles.com.au/wcsstore/Coles-CAS/images/3/4/7/3475864.jpg"
    ],
    "storeId": "coles",
    "packageSize": "50g",
    "cupPrice": "$6.00 per 100G",
    "locations": {
      "VIC": { "price": 3, "discountRate": 50, "promo": "", "orgPrice": 6 },
      "SA": { "price": 3, "discountRate": 50, "promo": "", "orgPrice": 6 },
      "QLD": { "price": 3, "discountRate": 50, "promo": "", "orgPrice": 6 },
      "NSW": { "price": 3, "discountRate": 50, "promo": "", "orgPrice": 6 },
      "WA": { "price": 3, "discountRate": 50, "promo": "", "orgPrice": 6 },
      "TAS": { "price": 3, "discountRate": 50, "promo": "", "orgPrice": 6 },
      "ACT": { "price": 3, "discountRate": 50, "promo": "", "orgPrice": 6 },
      "NT": { "price": 3.15, "discountRate": 50, "promo": "", "orgPrice": 6.3 }
    },
    "categoryIds": ["c-household"],
    "similarProducts": []
  },
  {
    "id": "bref-deluxe-in-bowl-cleaner-lovely-jasmine",
    "name": "Deluxe In Bowl Cleaner Lovely Jasmine",
    "brand": "Bref",
    "imageUrls": [
      "https://shop.coles.com.au/wcsstore/Coles-CAS/images/3/7/4/3744729.jpg"
    ],
    "storeId": "coles",
    "packageSize": "50 GRAM",
    "cupPrice": "",
    "locations": {
      "VIC": { "price": 3, "discountRate": 50, "promo": "", "orgPrice": 6 },
      "SA": { "price": 3, "discountRate": 50, "promo": "", "orgPrice": 6 },
      "QLD": { "price": 3, "discountRate": 50, "promo": "", "orgPrice": 6 },
      "NSW": { "price": 3, "discountRate": 50, "promo": "", "orgPrice": 6 },
      "WA": { "price": 3, "discountRate": 50, "promo": "", "orgPrice": 6 },
      "TAS": { "price": 3, "discountRate": 50, "promo": "", "orgPrice": 6 },
      "ACT": { "price": 3, "discountRate": 50, "promo": "", "orgPrice": 6 },
      "NT": { "price": 3.15, "discountRate": 50, "promo": "", "orgPrice": 6.3 }
    },
    "categoryIds": ["c-household"],
    "similarProducts": []
  },
  {
    "id": "bref-deluxe-in-bowl-cleaner-delicate-magnolia",
    "name": "Deluxe In Bowl Cleaner Delicate Magnolia",
    "brand": "Bref",
    "imageUrls": [
      "https://shop.coles.com.au/wcsstore/Coles-CAS/images/3/7/4/3744718.jpg"
    ],
    "storeId": "coles",
    "packageSize": "50 GRAM",
    "cupPrice": "",
    "locations": {
      "VIC": { "price": 3, "discountRate": 50, "promo": "", "orgPrice": 6 },
      "SA": { "price": 3, "discountRate": 50, "promo": "", "orgPrice": 6 },
      "QLD": { "price": 3, "discountRate": 50, "promo": "", "orgPrice": 6 },
      "NSW": { "price": 3, "discountRate": 50, "promo": "", "orgPrice": 6 },
      "WA": { "price": 3, "discountRate": 50, "promo": "", "orgPrice": 6 },
      "TAS": { "price": 3, "discountRate": 50, "promo": "", "orgPrice": 6 },
      "ACT": { "price": 3, "discountRate": 50, "promo": "", "orgPrice": 6 },
      "NT": { "price": 3.15, "discountRate": 50, "promo": "", "orgPrice": 6.3 }
    },
    "categoryIds": ["c-household"],
    "similarProducts": []
  },
  {
    "id": "bref-pro-nature-mint-eucalyptus-50g",
    "name": "Pro Nature Mint & Eucalyptus",
    "brand": "Bref",
    "imageUrls": [
      "https://shop.coles.com.au/wcsstore/Coles-CAS/images/3/7/9/3797838.jpg"
    ],
    "storeId": "coles",
    "packageSize": "50g",
    "cupPrice": "$6.00 per 100G",
    "locations": {
      "VIC": { "price": 3, "discountRate": 50, "promo": "", "orgPrice": 6 },
      "SA": { "price": 3, "discountRate": 50, "promo": "", "orgPrice": 6 },
      "QLD": { "price": 3, "discountRate": 50, "promo": "", "orgPrice": 6 },
      "NSW": { "price": 3, "discountRate": 50, "promo": "", "orgPrice": 6 },
      "WA": { "price": 3, "discountRate": 50, "promo": "", "orgPrice": 6 },
      "TAS": { "price": 3, "discountRate": 50, "promo": "", "orgPrice": 6 },
      "ACT": { "price": 3, "discountRate": 50, "promo": "", "orgPrice": 6 },
      "NT": { "price": 3.15, "discountRate": 50, "promo": "", "orgPrice": 6.3 }
    },
    "categoryIds": ["c-household"],
    "similarProducts": []
  },
  {
    "id": "bref-turquoise-active-in-bowl-active-ocean",
    "name": "Turquoise Active Ocean",
    "brand": "Bref",
    "imageUrls": [
      "https://shop.coles.com.au/wcsstore/Coles-CAS/images/3/7/4/3744784.jpg"
    ],
    "storeId": "coles",
    "packageSize": "50g",
    "cupPrice": "$6.00 per 100G",
    "locations": {
      "VIC": { "price": 3, "discountRate": 50, "promo": "", "orgPrice": 6 },
      "SA": { "price": 3, "discountRate": 50, "promo": "", "orgPrice": 6 },
      "QLD": { "price": 3, "discountRate": 50, "promo": "", "orgPrice": 6 },
      "NSW": { "price": 3, "discountRate": 50, "promo": "", "orgPrice": 6 },
      "WA": { "price": 3, "discountRate": 50, "promo": "", "orgPrice": 6 },
      "TAS": { "price": 3, "discountRate": 50, "promo": "", "orgPrice": 6 },
      "ACT": { "price": 3, "discountRate": 50, "promo": "", "orgPrice": 6 },
      "NT": { "price": 3.15, "discountRate": 50, "promo": "", "orgPrice": 6.3 }
    },
    "categoryIds": ["c-household"],
    "similarProducts": []
  },
  {
    "id": "bref-deluxe-in-bowl-cleaner-magic-monflower",
    "name": "Deluxe In Bowl Cleaner Magic Moonflower",
    "brand": "Bref",
    "imageUrls": [
      "https://shop.coles.com.au/wcsstore/Coles-CAS/images/3/7/4/3744730.jpg"
    ],
    "storeId": "coles",
    "packageSize": "50 GRAM",
    "cupPrice": "",
    "locations": {
      "VIC": { "price": 3, "discountRate": 50, "promo": "", "orgPrice": 6 },
      "SA": { "price": 3, "discountRate": 50, "promo": "", "orgPrice": 6 },
      "QLD": { "price": 3, "discountRate": 50, "promo": "", "orgPrice": 6 },
      "NSW": { "price": 3, "discountRate": 50, "promo": "", "orgPrice": 6 },
      "WA": { "price": 3, "discountRate": 50, "promo": "", "orgPrice": 6 },
      "TAS": { "price": 3, "discountRate": 50, "promo": "", "orgPrice": 6 },
      "ACT": { "price": 3, "discountRate": 50, "promo": "", "orgPrice": 6 },
      "NT": { "price": 3.15, "discountRate": 50, "promo": "", "orgPrice": 6.3 }
    },
    "categoryIds": ["c-household"],
    "similarProducts": []
  },
  {
    "id": "bref-pro-nature-grapefruit-50g",
    "name": "Pro Nature Grapefruit",
    "brand": "Bref",
    "imageUrls": [
      "https://shop.coles.com.au/wcsstore/Coles-CAS/images/3/7/9/3797860.jpg"
    ],
    "storeId": "coles",
    "packageSize": "50g",
    "cupPrice": "$6.00 per 100G",
    "locations": {
      "VIC": { "price": 3, "discountRate": 50, "promo": "", "orgPrice": 6 },
      "SA": { "price": 3, "discountRate": 50, "promo": "", "orgPrice": 6 },
      "QLD": { "price": 3, "discountRate": 50, "promo": "", "orgPrice": 6 },
      "NSW": { "price": 3, "discountRate": 50, "promo": "", "orgPrice": 6 },
      "WA": { "price": 3, "discountRate": 50, "promo": "", "orgPrice": 6 },
      "TAS": { "price": 3, "discountRate": 50, "promo": "", "orgPrice": 6 },
      "ACT": { "price": 3, "discountRate": 50, "promo": "", "orgPrice": 6 },
      "NT": { "price": 3.15, "discountRate": 50, "promo": "", "orgPrice": 6.3 }
    },
    "categoryIds": ["c-household"],
    "similarProducts": []
  },
  {
    "id": "bref-blue-active-in-bowl-flower-blossom",
    "name": "Blue Active In Bowl Flower Blossom",
    "brand": "Bref",
    "imageUrls": [
      "https://shop.coles.com.au/wcsstore/Coles-CAS/images/3/7/4/3744795.jpg"
    ],
    "storeId": "coles",
    "packageSize": "50 GRAM",
    "cupPrice": "",
    "locations": {
      "VIC": { "price": 3, "discountRate": 50, "promo": "", "orgPrice": 6 },
      "SA": { "price": 3, "discountRate": 50, "promo": "", "orgPrice": 6 },
      "QLD": { "price": 3, "discountRate": 50, "promo": "", "orgPrice": 6 },
      "NSW": { "price": 3, "discountRate": 50, "promo": "", "orgPrice": 6 },
      "WA": { "price": 3, "discountRate": 50, "promo": "", "orgPrice": 6 },
      "TAS": { "price": 3, "discountRate": 50, "promo": "", "orgPrice": 6 },
      "ACT": { "price": 3, "discountRate": 50, "promo": "", "orgPrice": 6 },
      "NT": { "price": 3.15, "discountRate": 50, "promo": "", "orgPrice": 6.3 }
    },
    "categoryIds": ["c-household"],
    "similarProducts": []
  },
  {
    "id": "cold-power-laundry-liquid-capsules",
    "name": "Liquid Capsules",
    "brand": "Cold Power",
    "imageUrls": [
      "https://shop.coles.com.au/wcsstore/Coles-CAS/images/2/8/2/2823739.jpg"
    ],
    "storeId": "coles",
    "packageSize": "18 pack",
    "cupPrice": "$0.33 per 1Ea",
    "locations": {
      "VIC": { "price": 6, "discountRate": 50, "promo": "", "orgPrice": 12 },
      "SA": { "price": 6, "discountRate": 50, "promo": "", "orgPrice": 12 },
      "QLD": { "price": 6, "discountRate": 50, "promo": "", "orgPrice": 12 },
      "NSW": { "price": 6, "discountRate": 50, "promo": "", "orgPrice": 12 },
      "WA": { "price": 6, "discountRate": 50, "promo": "", "orgPrice": 12 },
      "TAS": { "price": 6, "discountRate": 50, "promo": "", "orgPrice": 12 },
      "ACT": { "price": 6, "discountRate": 50, "promo": "", "orgPrice": 12 },
      "NT": { "price": 6.3, "discountRate": 50, "promo": "", "orgPrice": 12.6 }
    },
    "categoryIds": ["c-household"],
    "similarProducts": []
  },
  {
    "id": "comfort-fabric-softener-rosy-blush",
    "name": "Rosy Blush Fabric Softener",
    "brand": "Comfort",
    "imageUrls": [
      "https://shop.coles.com.au/wcsstore/Coles-CAS/images/8/2/1/8210969.jpg"
    ],
    "storeId": "coles",
    "packageSize": "800mL",
    "cupPrice": "$4.38 per 1L",
    "locations": {
      "VIC": { "price": 3.5, "discountRate": 50, "promo": "", "orgPrice": 7 },
      "SA": { "price": 3.5, "discountRate": 50, "promo": "", "orgPrice": 7 },
      "QLD": { "price": 3.5, "discountRate": 50, "promo": "", "orgPrice": 7 },
      "NSW": { "price": 3.5, "discountRate": 50, "promo": "", "orgPrice": 7 },
      "WA": { "price": 3.5, "discountRate": 50, "promo": "", "orgPrice": 7 },
      "TAS": { "price": 3.5, "discountRate": 50, "promo": "", "orgPrice": 7 },
      "ACT": { "price": 3.5, "discountRate": 50, "promo": "", "orgPrice": 7 },
      "NT": { "price": 3.67, "discountRate": 50, "promo": "", "orgPrice": 7.35 }
    },
    "categoryIds": ["c-household"],
    "similarProducts": []
  },
  {
    "id": "comfort-fabric-cndtnr-aroma-vanilla-orchid",
    "name": "Aromatherapy Vanilla Orchid Fabric Conditioner",
    "brand": "Comfort",
    "imageUrls": [
      "https://shop.coles.com.au/wcsstore/Coles-CAS/images/3/2/1/3214565.jpg"
    ],
    "storeId": "coles",
    "packageSize": "750mL",
    "cupPrice": "$4.67 per 1L",
    "locations": {
      "VIC": { "price": 3.5, "discountRate": 50, "promo": "", "orgPrice": 7 },
      "SA": { "price": 3.5, "discountRate": 50, "promo": "", "orgPrice": 7 },
      "QLD": { "price": 3.5, "discountRate": 50, "promo": "", "orgPrice": 7 },
      "NSW": { "price": 3.5, "discountRate": 50, "promo": "", "orgPrice": 7 },
      "WA": { "price": 3.5, "discountRate": 50, "promo": "", "orgPrice": 7 },
      "TAS": { "price": 3.5, "discountRate": 50, "promo": "", "orgPrice": 7 },
      "ACT": { "price": 3.5, "discountRate": 50, "promo": "", "orgPrice": 7 },
      "NT": { "price": 3.67, "discountRate": 50, "promo": "", "orgPrice": 7.35 }
    },
    "categoryIds": ["c-household"],
    "similarProducts": []
  },
  {
    "id": "dynamo-professional-capsules",
    "name": "Professional Capsules",
    "brand": "Dynamo",
    "imageUrls": [
      "https://shop.coles.com.au/wcsstore/Coles-CAS/images/3/1/9/3196168.jpg"
    ],
    "storeId": "coles",
    "packageSize": "16 pack",
    "cupPrice": "$0.39 per 1Ea",
    "locations": {
      "VIC": {
        "price": 6.25,
        "discountRate": 50,
        "promo": "",
        "orgPrice": 12.5
      },
      "SA": {
        "price": 6.25,
        "discountRate": 50,
        "promo": "",
        "orgPrice": 12.5
      },
      "QLD": {
        "price": 6.25,
        "discountRate": 50,
        "promo": "",
        "orgPrice": 12.5
      },
      "NSW": {
        "price": 6.25,
        "discountRate": 50,
        "promo": "",
        "orgPrice": 12.5
      },
      "WA": {
        "price": 6.25,
        "discountRate": 50,
        "promo": "",
        "orgPrice": 12.5
      },
      "TAS": {
        "price": 6.25,
        "discountRate": 50,
        "promo": "",
        "orgPrice": 12.5
      },
      "ACT": {
        "price": 6.25,
        "discountRate": 50,
        "promo": "",
        "orgPrice": 12.5
      },
      "NT": {
        "price": 6.56,
        "discountRate": 50,
        "promo": "",
        "orgPrice": 13.129999999999999
      }
    },
    "categoryIds": ["c-household"],
    "similarProducts": []
  },
  {
    "id": "dynamo-prof-l-liquid-oxi-plus",
    "name": "Profession Oxi Plus Liquid",
    "brand": "Dynamo",
    "imageUrls": [
      "https://shop.coles.com.au/wcsstore/Coles-CAS/images/3/7/7/3777921.jpg"
    ],
    "storeId": "coles",
    "packageSize": "900mL",
    "cupPrice": "$6.67 per 1L",
    "locations": {
      "VIC": { "price": 6, "discountRate": 50, "promo": "", "orgPrice": 12 },
      "SA": { "price": 6, "discountRate": 50, "promo": "", "orgPrice": 12 },
      "QLD": { "price": 6, "discountRate": 50, "promo": "", "orgPrice": 12 },
      "NSW": { "price": 6, "discountRate": 50, "promo": "", "orgPrice": 12 },
      "WA": { "price": 6, "discountRate": 50, "promo": "", "orgPrice": 12 },
      "TAS": { "price": 6, "discountRate": 50, "promo": "", "orgPrice": 12 },
      "ACT": { "price": 6, "discountRate": 50, "promo": "", "orgPrice": 12 },
      "NT": { "price": 6.3, "discountRate": 50, "promo": "", "orgPrice": 12.6 }
    },
    "categoryIds": ["c-household"],
    "similarProducts": []
  },
  {
    "id": "dynamo-prof-l-liquid-7-in-1",
    "name": "Profession 7 In 1 Laundry Liquid",
    "brand": "Dynamo",
    "imageUrls": [
      "https://shop.coles.com.au/wcsstore/Coles-CAS/images/3/7/7/3774264.jpg"
    ],
    "storeId": "coles",
    "packageSize": "900mL",
    "cupPrice": "$6.67 per 1L",
    "locations": {
      "VIC": { "price": 6, "discountRate": 50, "promo": "", "orgPrice": 12 },
      "SA": { "price": 6, "discountRate": 50, "promo": "", "orgPrice": 12 },
      "QLD": { "price": 6, "discountRate": 50, "promo": "", "orgPrice": 12 },
      "NSW": { "price": 6, "discountRate": 50, "promo": "", "orgPrice": 12 },
      "WA": { "price": 6, "discountRate": 50, "promo": "", "orgPrice": 12 },
      "TAS": { "price": 6, "discountRate": 50, "promo": "", "orgPrice": 12 },
      "ACT": { "price": 6, "discountRate": 50, "promo": "", "orgPrice": 12 },
      "NT": { "price": 6.3, "discountRate": 50, "promo": "", "orgPrice": 12.6 }
    },
    "categoryIds": ["c-household"],
    "similarProducts": []
  },
  {
    "id": "shower-power-bathrom-cleaner-gel",
    "name": "Bathroom Cleaner Gel",
    "brand": "Shower Power",
    "imageUrls": [
      "https://shop.coles.com.au/wcsstore/Coles-CAS/images/3/7/4/3740353.jpg"
    ],
    "storeId": "coles",
    "packageSize": "750mL",
    "cupPrice": "$0.52 per 100mL",
    "locations": {
      "VIC": { "price": 3.9, "discountRate": 50, "promo": "", "orgPrice": 7.8 },
      "SA": { "price": 3.9, "discountRate": 50, "promo": "", "orgPrice": 7.8 },
      "QLD": { "price": 3.9, "discountRate": 50, "promo": "", "orgPrice": 7.8 },
      "NSW": { "price": 3.9, "discountRate": 50, "promo": "", "orgPrice": 7.8 },
      "WA": { "price": 3.9, "discountRate": 50, "promo": "", "orgPrice": 7.8 },
      "TAS": { "price": 3.9, "discountRate": 50, "promo": "", "orgPrice": 7.8 },
      "ACT": { "price": 3.9, "discountRate": 50, "promo": "", "orgPrice": 7.8 },
      "NT": { "price": 4.09, "discountRate": 50, "promo": "", "orgPrice": 8.19 }
    },
    "categoryIds": ["c-household"],
    "similarProducts": []
  },
  {
    "id": "nivea-body-lotion-rich-nourishing",
    "name": "Rich Nourishing Body Lotion Moisturiser + Caring Almond Oil",
    "brand": "Nivea",
    "imageUrls": [
      "https://shop.coles.com.au/wcsstore/Coles-CAS/images/7/1/9/7198992.jpg"
    ],
    "storeId": "coles",
    "packageSize": "400mL",
    "cupPrice": "$1.00 per 100mL",
    "locations": {
      "VIC": { "price": 4, "discountRate": 50, "promo": "", "orgPrice": 8 },
      "SA": { "price": 4, "discountRate": 50, "promo": "", "orgPrice": 8 },
      "QLD": { "price": 4, "discountRate": 50, "promo": "", "orgPrice": 8 },
      "NSW": { "price": 4, "discountRate": 50, "promo": "", "orgPrice": 8 },
      "WA": { "price": 4, "discountRate": 50, "promo": "", "orgPrice": 8 },
      "TAS": { "price": 4, "discountRate": 50, "promo": "", "orgPrice": 8 },
      "ACT": { "price": 4, "discountRate": 50, "promo": "", "orgPrice": 8 },
      "NT": { "price": 4.2, "discountRate": 50, "promo": "", "orgPrice": 8.4 }
    },
    "categoryIds": ["c-health-beauty"],
    "similarProducts": []
  },
  {
    "id": "nivea-express-hydration-body-lotion",
    "name": "Express Hydration Body Lotion Moisturiser",
    "brand": "Nivea",
    "imageUrls": [
      "https://shop.coles.com.au/wcsstore/Coles-CAS/images/7/1/9/7199000.jpg"
    ],
    "storeId": "coles",
    "packageSize": "400mL",
    "cupPrice": "$1.00 per 100mL",
    "locations": {
      "VIC": { "price": 4, "discountRate": 50, "promo": "", "orgPrice": 8 },
      "SA": { "price": 4, "discountRate": 50, "promo": "", "orgPrice": 8 },
      "QLD": { "price": 4, "discountRate": 50, "promo": "", "orgPrice": 8 },
      "NSW": { "price": 4, "discountRate": 50, "promo": "", "orgPrice": 8 },
      "WA": { "price": 4, "discountRate": 50, "promo": "", "orgPrice": 8 },
      "TAS": { "price": 4, "discountRate": 50, "promo": "", "orgPrice": 8 },
      "ACT": { "price": 4, "discountRate": 50, "promo": "", "orgPrice": 8 },
      "NT": { "price": 4.2, "discountRate": 50, "promo": "", "orgPrice": 8.4 }
    },
    "categoryIds": ["c-health-beauty"],
    "similarProducts": []
  },
  {
    "id": "nivea-body-lotion-irresistibly-smooth",
    "name": "Irresistibly Smooth Body Lotion Moisturiser + Shea Butter",
    "brand": "Nivea",
    "imageUrls": [
      "https://shop.coles.com.au/wcsstore/Coles-CAS/images/8/8/9/8898774.jpg"
    ],
    "storeId": "coles",
    "packageSize": "400mL",
    "cupPrice": "$1.00 per 100mL",
    "locations": {
      "VIC": { "price": 4, "discountRate": 50, "promo": "", "orgPrice": 8 },
      "SA": { "price": 4, "discountRate": 50, "promo": "", "orgPrice": 8 },
      "QLD": { "price": 4, "discountRate": 50, "promo": "", "orgPrice": 8 },
      "NSW": { "price": 4, "discountRate": 50, "promo": "", "orgPrice": 8 },
      "WA": { "price": 4, "discountRate": 50, "promo": "", "orgPrice": 8 },
      "TAS": { "price": 4, "discountRate": 50, "promo": "", "orgPrice": 8 },
      "ACT": { "price": 4, "discountRate": 50, "promo": "", "orgPrice": 8 },
      "NT": { "price": 4.2, "discountRate": 48, "promo": "", "orgPrice": 8 }
    },
    "categoryIds": ["c-health-beauty"],
    "similarProducts": []
  },
  {
    "id": "nivea-shower-indulgent-moisture-coconut",
    "name": "Coconut Indulgent Moisture Shower Gel and Body Wash",
    "brand": "Nivea",
    "imageUrls": [
      "https://shop.coles.com.au/wcsstore/Coles-CAS/images/3/2/2/3227206.jpg"
    ],
    "storeId": "coles",
    "packageSize": "1L",
    "cupPrice": "$0.69 per 100mL",
    "locations": {
      "VIC": {
        "price": 6.85,
        "discountRate": 50,
        "promo": "",
        "orgPrice": 13.7
      },
      "SA": {
        "price": 6.85,
        "discountRate": 50,
        "promo": "",
        "orgPrice": 13.7
      },
      "QLD": {
        "price": 6.85,
        "discountRate": 50,
        "promo": "",
        "orgPrice": 13.7
      },
      "NSW": {
        "price": 6.85,
        "discountRate": 50,
        "promo": "",
        "orgPrice": 13.7
      },
      "WA": {
        "price": 6.85,
        "discountRate": 50,
        "promo": "",
        "orgPrice": 13.7
      },
      "TAS": {
        "price": 6.85,
        "discountRate": 50,
        "promo": "",
        "orgPrice": 13.7
      },
      "ACT": {
        "price": 6.85,
        "discountRate": 50,
        "promo": "",
        "orgPrice": 13.7
      },
      "NT": {
        "price": 7.19,
        "discountRate": 50,
        "promo": "",
        "orgPrice": 14.39
      }
    },
    "categoryIds": ["c-health-beauty"],
    "similarProducts": [
      { "productId": "w-694039-4005900536679", "storeId": "woolworths" }
    ]
  },
  {
    "id": "redwin-sorbolene-moisturiser-with-vitamin-e",
    "name": "Sorbolene Moisturiser with Vitamin E",
    "brand": "Redwin",
    "imageUrls": [
      "https://shop.coles.com.au/wcsstore/Coles-CAS/images/5/4/9/5492398.jpg"
    ],
    "storeId": "coles",
    "packageSize": "1L",
    "cupPrice": "$0.31 per 100mL",
    "locations": {
      "VIC": {
        "price": 3.12,
        "discountRate": 50,
        "promo": "",
        "orgPrice": 6.25
      },
      "SA": {
        "price": 3.12,
        "discountRate": 50,
        "promo": "",
        "orgPrice": 6.25
      },
      "QLD": {
        "price": 3.12,
        "discountRate": 50,
        "promo": "",
        "orgPrice": 6.25
      },
      "NSW": {
        "price": 3.12,
        "discountRate": 50,
        "promo": "",
        "orgPrice": 6.25
      },
      "WA": {
        "price": 3.12,
        "discountRate": 50,
        "promo": "",
        "orgPrice": 6.25
      },
      "TAS": {
        "price": 3.12,
        "discountRate": 50,
        "promo": "",
        "orgPrice": 6.25
      },
      "ACT": {
        "price": 3.12,
        "discountRate": 50,
        "promo": "",
        "orgPrice": 6.25
      },
      "NT": {
        "price": 3.27,
        "discountRate": 50,
        "promo": "",
        "orgPrice": 6.5600000000000005
      }
    },
    "categoryIds": ["c-health-beauty"],
    "similarProducts": []
  },
  {
    "id": "redwin-body-wash-extra-sensitive",
    "name": "Extra Sensitive Body Wash",
    "brand": "Redwin",
    "imageUrls": [
      "https://shop.coles.com.au/wcsstore/Coles-CAS/images/9/8/1/9811272.jpg"
    ],
    "storeId": "coles",
    "packageSize": "1L",
    "cupPrice": "$0.60 per 100mL",
    "locations": {
      "VIC": { "price": 6, "discountRate": 50, "promo": "", "orgPrice": 12 },
      "SA": { "price": 6, "discountRate": 50, "promo": "", "orgPrice": 12 },
      "QLD": { "price": 6, "discountRate": 50, "promo": "", "orgPrice": 12 },
      "NSW": { "price": 6, "discountRate": 50, "promo": "", "orgPrice": 12 },
      "WA": { "price": 6, "discountRate": 50, "promo": "", "orgPrice": 12 },
      "TAS": { "price": 6, "discountRate": 50, "promo": "", "orgPrice": 12 },
      "ACT": { "price": 6, "discountRate": 50, "promo": "", "orgPrice": 12 },
      "NT": { "price": 6.13, "discountRate": 49, "promo": "", "orgPrice": 12 }
    },
    "categoryIds": ["c-health-beauty"],
    "similarProducts": []
  },
  {
    "id": "original-source-shower-gel-milk-raspberry",
    "name": "Vanilla & Raspberry Shower Gel",
    "brand": "Original Source",
    "imageUrls": [
      "https://shop.coles.com.au/wcsstore/Coles-CAS/images/1/3/0/1303289.jpg"
    ],
    "storeId": "coles",
    "packageSize": "250mL",
    "cupPrice": "$0.80 per 100mL",
    "locations": {
      "VIC": { "price": 2, "discountRate": 50, "promo": "", "orgPrice": 4 },
      "SA": { "price": 2, "discountRate": 50, "promo": "", "orgPrice": 4 },
      "QLD": { "price": 2, "discountRate": 50, "promo": "", "orgPrice": 4 },
      "NSW": { "price": 2, "discountRate": 50, "promo": "", "orgPrice": 4 },
      "WA": { "price": 2, "discountRate": 50, "promo": "", "orgPrice": 4 },
      "TAS": { "price": 2, "discountRate": 50, "promo": "", "orgPrice": 4 },
      "ACT": { "price": 2, "discountRate": 50, "promo": "", "orgPrice": 4 },
      "NT": { "price": 2.1, "discountRate": 50, "promo": "", "orgPrice": 4.2 }
    },
    "categoryIds": ["c-health-beauty"],
    "similarProducts": []
  },
  {
    "id": "batiste-dry-shampoo-medium",
    "name": "Medium Brunette Dry Shampoo",
    "brand": "Batiste",
    "imageUrls": [
      "https://shop.coles.com.au/wcsstore/Coles-CAS/images/1/2/5/1256826.jpg"
    ],
    "storeId": "coles",
    "packageSize": "200mL",
    "cupPrice": "$3.25 per 100mL",
    "locations": {
      "VIC": { "price": 6.5, "discountRate": 50, "promo": "", "orgPrice": 13 },
      "SA": { "price": 6.5, "discountRate": 50, "promo": "", "orgPrice": 13 },
      "QLD": { "price": 6.5, "discountRate": 50, "promo": "", "orgPrice": 13 },
      "NSW": { "price": 6.5, "discountRate": 50, "promo": "", "orgPrice": 13 },
      "WA": { "price": 6.5, "discountRate": 50, "promo": "", "orgPrice": 13 },
      "TAS": { "price": 6.5, "discountRate": 50, "promo": "", "orgPrice": 13 },
      "ACT": { "price": 6.5, "discountRate": 50, "promo": "", "orgPrice": 13 },
      "NT": {
        "price": 6.82,
        "discountRate": 50,
        "promo": "",
        "orgPrice": 13.65
      }
    },
    "categoryIds": ["c-health-beauty"],
    "similarProducts": []
  },
  {
    "id": "loreal-elnett-hairspray-normal-strength",
    "name": "Elnett Normal Strength Hair Spray",
    "brand": "L'Oreal",
    "imageUrls": [
      "https://shop.coles.com.au/wcsstore/Coles-CAS/images/8/1/4/8143883.jpg"
    ],
    "storeId": "coles",
    "packageSize": "75mL",
    "cupPrice": "$3.33 per 100mL",
    "locations": {
      "VIC": { "price": 2.5, "discountRate": 50, "promo": "", "orgPrice": 5 },
      "SA": { "price": 2.5, "discountRate": 50, "promo": "", "orgPrice": 5 },
      "QLD": { "price": 2.5, "discountRate": 50, "promo": "", "orgPrice": 5 },
      "NSW": { "price": 2.5, "discountRate": 50, "promo": "", "orgPrice": 5 },
      "WA": { "price": 2.5, "discountRate": 50, "promo": "", "orgPrice": 5 },
      "TAS": { "price": 2.5, "discountRate": 50, "promo": "", "orgPrice": 5 },
      "ACT": { "price": 2.5, "discountRate": 50, "promo": "", "orgPrice": 5 },
      "NT": { "price": 2.62, "discountRate": 50, "promo": "", "orgPrice": 5.25 }
    },
    "categoryIds": ["c-health-beauty"],
    "similarProducts": []
  },
  {
    "id": "nivea-shower-indulgent-moisture-soft",
    "name": "Rich Moisture Soft Shower Gel & Body Wash",
    "brand": "Nivea",
    "imageUrls": [
      "https://shop.coles.com.au/wcsstore/Coles-CAS/images/3/2/2/3227217.jpg"
    ],
    "storeId": "coles",
    "packageSize": "1L",
    "cupPrice": "$0.69 per 100mL",
    "locations": {
      "VIC": {
        "price": 6.85,
        "discountRate": 50,
        "promo": "",
        "orgPrice": 13.7
      },
      "SA": {
        "price": 6.85,
        "discountRate": 50,
        "promo": "",
        "orgPrice": 13.7
      },
      "QLD": {
        "price": 6.85,
        "discountRate": 50,
        "promo": "",
        "orgPrice": 13.7
      },
      "NSW": {
        "price": 6.85,
        "discountRate": 50,
        "promo": "",
        "orgPrice": 13.7
      },
      "WA": {
        "price": 6.85,
        "discountRate": 50,
        "promo": "",
        "orgPrice": 13.7
      },
      "TAS": {
        "price": 6.85,
        "discountRate": 50,
        "promo": "",
        "orgPrice": 13.7
      },
      "ACT": {
        "price": 6.85,
        "discountRate": 50,
        "promo": "",
        "orgPrice": 13.7
      },
      "NT": {
        "price": 7.19,
        "discountRate": 50,
        "promo": "",
        "orgPrice": 14.39
      }
    },
    "categoryIds": ["c-health-beauty"],
    "similarProducts": [
      { "productId": "w-694036-4005900536662", "storeId": "woolworths" }
    ]
  },
  {
    "id": "nivea-body-lotion-cocnut-monoi-oil",
    "name": "Oil in Lotion Coconut & Monoi Oil Scented Body Moisturiser",
    "brand": "Nivea",
    "imageUrls": [
      "https://shop.coles.com.au/wcsstore/Coles-CAS/images/3/7/2/3727151.jpg"
    ],
    "storeId": "coles",
    "packageSize": "400mL",
    "cupPrice": "$1.25 per 100mL",
    "locations": {
      "VIC": { "price": 5, "discountRate": 50, "promo": "", "orgPrice": 10 },
      "SA": { "price": 5, "discountRate": 50, "promo": "", "orgPrice": 10 },
      "QLD": { "price": 5, "discountRate": 50, "promo": "", "orgPrice": 10 },
      "NSW": { "price": 5, "discountRate": 50, "promo": "", "orgPrice": 10 },
      "WA": { "price": 5, "discountRate": 50, "promo": "", "orgPrice": 10 },
      "TAS": { "price": 5, "discountRate": 50, "promo": "", "orgPrice": 10 },
      "ACT": { "price": 5, "discountRate": 50, "promo": "", "orgPrice": 10 },
      "NT": { "price": 5.25, "discountRate": 50, "promo": "", "orgPrice": 10.5 }
    },
    "categoryIds": ["c-health-beauty"],
    "similarProducts": []
  },
  {
    "id": "original-source-shower-gel-pink-grapefruit",
    "name": "Coconut & Shea Butter Shower Gel",
    "brand": "Original Source",
    "imageUrls": [
      "https://shop.coles.com.au/wcsstore/Coles-CAS/images/2/2/7/2274550.jpg"
    ],
    "storeId": "coles",
    "packageSize": "250mL",
    "cupPrice": "$0.80 per 100mL",
    "locations": {
      "VIC": { "price": 2, "discountRate": 50, "promo": "", "orgPrice": 4 },
      "SA": { "price": 2, "discountRate": 50, "promo": "", "orgPrice": 4 },
      "QLD": { "price": 2, "discountRate": 50, "promo": "", "orgPrice": 4 },
      "NSW": { "price": 2, "discountRate": 50, "promo": "", "orgPrice": 4 },
      "WA": { "price": 2, "discountRate": 50, "promo": "", "orgPrice": 4 },
      "TAS": { "price": 2, "discountRate": 50, "promo": "", "orgPrice": 4 },
      "ACT": { "price": 2, "discountRate": 50, "promo": "", "orgPrice": 4 },
      "NT": { "price": 2.1, "discountRate": 50, "promo": "", "orgPrice": 4.2 }
    },
    "categoryIds": ["c-health-beauty"],
    "similarProducts": []
  },
  {
    "id": "batiste-dry-shampoo-volume",
    "name": "Dry Shampoo & Volume With Plumping Collagen",
    "brand": "Batiste",
    "imageUrls": [
      "https://shop.coles.com.au/wcsstore/Coles-CAS/images/3/5/3/3535026.jpg"
    ],
    "storeId": "coles",
    "packageSize": "200mL",
    "cupPrice": "$3.25 per 100mL",
    "locations": {
      "VIC": { "price": 6.5, "discountRate": 50, "promo": "", "orgPrice": 13 },
      "SA": { "price": 6.5, "discountRate": 50, "promo": "", "orgPrice": 13 },
      "QLD": { "price": 6.5, "discountRate": 50, "promo": "", "orgPrice": 13 },
      "NSW": { "price": 6.5, "discountRate": 50, "promo": "", "orgPrice": 13 },
      "WA": { "price": 6.5, "discountRate": 50, "promo": "", "orgPrice": 13 },
      "TAS": { "price": 6.5, "discountRate": 50, "promo": "", "orgPrice": 13 },
      "ACT": { "price": 6.5, "discountRate": 50, "promo": "", "orgPrice": 13 },
      "NT": {
        "price": 6.82,
        "discountRate": 50,
        "promo": "",
        "orgPrice": 13.65
      }
    },
    "categoryIds": ["c-health-beauty"],
    "similarProducts": []
  },
  {
    "id": "nivea-body-lotion-q10-firming",
    "name": "Firming Body Lotion Moisturiser + Q10 & Vitamin C",
    "brand": "Nivea",
    "imageUrls": [
      "https://shop.coles.com.au/wcsstore/Coles-CAS/images/7/2/0/7200019.jpg"
    ],
    "storeId": "coles",
    "packageSize": "400mL",
    "cupPrice": "$1.31 per 100mL",
    "locations": {
      "VIC": {
        "price": 5.25,
        "discountRate": 50,
        "promo": "",
        "orgPrice": 10.5
      },
      "SA": {
        "price": 5.25,
        "discountRate": 50,
        "promo": "",
        "orgPrice": 10.5
      },
      "QLD": {
        "price": 5.25,
        "discountRate": 50,
        "promo": "",
        "orgPrice": 10.5
      },
      "NSW": {
        "price": 5.25,
        "discountRate": 50,
        "promo": "",
        "orgPrice": 10.5
      },
      "WA": {
        "price": 5.25,
        "discountRate": 50,
        "promo": "",
        "orgPrice": 10.5
      },
      "TAS": {
        "price": 5.25,
        "discountRate": 50,
        "promo": "",
        "orgPrice": 10.5
      },
      "ACT": {
        "price": 5.25,
        "discountRate": 50,
        "promo": "",
        "orgPrice": 10.5
      },
      "NT": {
        "price": 5.51,
        "discountRate": 50,
        "promo": "",
        "orgPrice": 11.03
      }
    },
    "categoryIds": ["c-health-beauty"],
    "similarProducts": []
  },
  {
    "id": "nivea-indulge-body-lotion-cocoa",
    "name": "Cocoa & Indulging  Body Lotion Moisturiser + Vitamin E",
    "brand": "Nivea",
    "imageUrls": [
      "https://shop.coles.com.au/wcsstore/Coles-CAS/images/3/2/4/3240543.jpg"
    ],
    "storeId": "coles",
    "packageSize": "400mL",
    "cupPrice": "$1.00 per 100mL",
    "locations": {
      "VIC": { "price": 4, "discountRate": 50, "promo": "", "orgPrice": 8 },
      "SA": { "price": 4, "discountRate": 50, "promo": "", "orgPrice": 8 },
      "QLD": { "price": 4, "discountRate": 50, "promo": "", "orgPrice": 8 },
      "NSW": { "price": 4, "discountRate": 50, "promo": "", "orgPrice": 8 },
      "WA": { "price": 4, "discountRate": 50, "promo": "", "orgPrice": 8 },
      "TAS": { "price": 4, "discountRate": 50, "promo": "", "orgPrice": 8 },
      "ACT": { "price": 4, "discountRate": 50, "promo": "", "orgPrice": 8 },
      "NT": { "price": 4.19, "discountRate": 50, "promo": "", "orgPrice": 8.39 }
    },
    "categoryIds": ["c-health-beauty"],
    "similarProducts": []
  },
  {
    "id": "nivea-rich-moisture-shower-gel",
    "name": "Aloe Vera Moisture Fresh Shower Gel & Body Wash",
    "brand": "Nivea",
    "imageUrls": [
      "https://shop.coles.com.au/wcsstore/Coles-CAS/images/3/5/1/3517374.jpg"
    ],
    "storeId": "coles",
    "packageSize": "1L",
    "cupPrice": "$0.69 per 100mL",
    "locations": {
      "VIC": {
        "price": 6.85,
        "discountRate": 50,
        "promo": "",
        "orgPrice": 13.7
      },
      "SA": {
        "price": 6.85,
        "discountRate": 50,
        "promo": "",
        "orgPrice": 13.7
      },
      "QLD": {
        "price": 6.85,
        "discountRate": 50,
        "promo": "",
        "orgPrice": 13.7
      },
      "NSW": {
        "price": 6.85,
        "discountRate": 50,
        "promo": "",
        "orgPrice": 13.7
      },
      "WA": {
        "price": 6.85,
        "discountRate": 50,
        "promo": "",
        "orgPrice": 13.7
      },
      "TAS": {
        "price": 6.85,
        "discountRate": 50,
        "promo": "",
        "orgPrice": 13.7
      },
      "ACT": {
        "price": 6.85,
        "discountRate": 50,
        "promo": "",
        "orgPrice": 13.7
      },
      "NT": {
        "price": 7.19,
        "discountRate": 50,
        "promo": "",
        "orgPrice": 14.39
      }
    },
    "categoryIds": ["c-health-beauty"],
    "similarProducts": [
      { "productId": "w-51646-4005900662446", "storeId": "woolworths" }
    ]
  },
  {
    "id": "nivea-body-lotion-aloe-vera",
    "name": "Hydrating Body Lotion Moisturiser + Aloe Vera",
    "brand": "Nivea",
    "imageUrls": [
      "https://shop.coles.com.au/wcsstore/Coles-CAS/images/3/7/2/3727140.jpg"
    ],
    "storeId": "coles",
    "packageSize": "400mL",
    "cupPrice": "$1.00 per 100mL",
    "locations": {
      "VIC": { "price": 4, "discountRate": 50, "promo": "", "orgPrice": 8 },
      "SA": { "price": 4, "discountRate": 50, "promo": "", "orgPrice": 8 },
      "QLD": { "price": 4, "discountRate": 50, "promo": "", "orgPrice": 8 },
      "NSW": { "price": 4, "discountRate": 50, "promo": "", "orgPrice": 8 },
      "WA": { "price": 4, "discountRate": 50, "promo": "", "orgPrice": 8 },
      "TAS": { "price": 4, "discountRate": 50, "promo": "", "orgPrice": 8 },
      "ACT": { "price": 4, "discountRate": 50, "promo": "", "orgPrice": 8 },
      "NT": { "price": 4.2, "discountRate": 50, "promo": "", "orgPrice": 8.4 }
    },
    "categoryIds": ["c-health-beauty"],
    "similarProducts": []
  },
  {
    "id": "original-source-shower-gel-lime",
    "name": "Lime Shower Gel",
    "brand": "Original Source",
    "imageUrls": [
      "https://shop.coles.com.au/wcsstore/Coles-CAS/images/7/6/7/7678761.jpg"
    ],
    "storeId": "coles",
    "packageSize": "250mL",
    "cupPrice": "$0.80 per 100mL",
    "locations": {
      "VIC": { "price": 2, "discountRate": 50, "promo": "", "orgPrice": 4 },
      "SA": { "price": 2, "discountRate": 50, "promo": "", "orgPrice": 4 },
      "QLD": { "price": 2, "discountRate": 50, "promo": "", "orgPrice": 4 },
      "NSW": { "price": 2, "discountRate": 50, "promo": "", "orgPrice": 4 },
      "WA": { "price": 2, "discountRate": 50, "promo": "", "orgPrice": 4 },
      "TAS": { "price": 2, "discountRate": 50, "promo": "", "orgPrice": 4 },
      "ACT": { "price": 2, "discountRate": 50, "promo": "", "orgPrice": 4 },
      "NT": { "price": 2.1, "discountRate": 50, "promo": "", "orgPrice": 4.2 }
    },
    "categoryIds": ["c-health-beauty"],
    "similarProducts": []
  },
  {
    "id": "original-source-shower-gel-mint-tea-tree",
    "name": "Tingly Mint & Tea Tree Shower Gel",
    "brand": "Original Source",
    "imageUrls": [
      "https://shop.coles.com.au/wcsstore/Coles-CAS/images/7/6/7/7678728.jpg"
    ],
    "storeId": "coles",
    "packageSize": "250mL",
    "cupPrice": "$0.80 per 100mL",
    "locations": {
      "VIC": { "price": 2, "discountRate": 50, "promo": "", "orgPrice": 4 },
      "SA": { "price": 2, "discountRate": 50, "promo": "", "orgPrice": 4 },
      "QLD": { "price": 2, "discountRate": 50, "promo": "", "orgPrice": 4 },
      "NSW": { "price": 2, "discountRate": 50, "promo": "", "orgPrice": 4 },
      "WA": { "price": 2, "discountRate": 50, "promo": "", "orgPrice": 4 },
      "TAS": { "price": 2, "discountRate": 50, "promo": "", "orgPrice": 4 },
      "ACT": { "price": 2, "discountRate": 50, "promo": "", "orgPrice": 4 },
      "NT": { "price": 2.1, "discountRate": 50, "promo": "", "orgPrice": 4.2 }
    },
    "categoryIds": ["c-health-beauty"],
    "similarProducts": []
  },
  {
    "id": "revlon-super-lustrous-matte-lipstick-shameless",
    "name": "Super Lustrous Matte Lipstick Shameless",
    "brand": "Revlon",
    "imageUrls": [
      "https://shop.coles.com.au/wcsstore/Coles-CAS/images/3/8/1/3813661.jpg"
    ],
    "storeId": "coles",
    "packageSize": "4.2g",
    "cupPrice": "$29.76 per 10G",
    "locations": {
      "VIC": { "price": 12.5, "discountRate": 50, "promo": "", "orgPrice": 25 },
      "SA": { "price": 12.5, "discountRate": 50, "promo": "", "orgPrice": 25 },
      "QLD": { "price": 12.5, "discountRate": 50, "promo": "", "orgPrice": 25 },
      "NSW": { "price": 12.5, "discountRate": 50, "promo": "", "orgPrice": 25 },
      "ACT": { "price": 12.5, "discountRate": 50, "promo": "", "orgPrice": 25 }
    },
    "categoryIds": ["c-health-beauty"],
    "similarProducts": []
  },
  {
    "id": "revlon-super-lustrous-matte-lipstick-show-off",
    "name": "Super Lustrous Matte Lipstick Show Off",
    "brand": "Revlon",
    "imageUrls": [
      "https://shop.coles.com.au/wcsstore/Coles-CAS/images/3/8/1/3813752.jpg"
    ],
    "storeId": "coles",
    "packageSize": "4.2g",
    "cupPrice": "$29.76 per 10G",
    "locations": {
      "VIC": { "price": 12.5, "discountRate": 50, "promo": "", "orgPrice": 25 },
      "SA": { "price": 12.5, "discountRate": 50, "promo": "", "orgPrice": 25 },
      "QLD": { "price": 12.5, "discountRate": 50, "promo": "", "orgPrice": 25 },
      "NSW": { "price": 12.5, "discountRate": 50, "promo": "", "orgPrice": 25 },
      "WA": { "price": 12.5, "discountRate": 50, "promo": "", "orgPrice": 25 },
      "TAS": { "price": 12.5, "discountRate": 50, "promo": "", "orgPrice": 25 },
      "ACT": { "price": 12.5, "discountRate": 50, "promo": "", "orgPrice": 25 },
      "NT": {
        "price": 13.12,
        "discountRate": 50,
        "promo": "",
        "orgPrice": 26.25
      }
    },
    "categoryIds": ["c-health-beauty"],
    "similarProducts": []
  },
  {
    "id": "revlon-super-lustrous-matte-lipstick-on-fire",
    "name": "Super Lustrous Matte Lipstick On Fire",
    "brand": "Revlon",
    "imageUrls": [
      "https://shop.coles.com.au/wcsstore/Coles-CAS/images/3/8/1/3813694.jpg"
    ],
    "storeId": "coles",
    "packageSize": "4.2g",
    "cupPrice": "$29.76 per 10G",
    "locations": {
      "VIC": { "price": 12.5, "discountRate": 50, "promo": "", "orgPrice": 25 },
      "SA": { "price": 12.5, "discountRate": 50, "promo": "", "orgPrice": 25 },
      "QLD": { "price": 12.5, "discountRate": 50, "promo": "", "orgPrice": 25 },
      "NSW": { "price": 12.5, "discountRate": 50, "promo": "", "orgPrice": 25 },
      "ACT": { "price": 12.5, "discountRate": 50, "promo": "", "orgPrice": 25 }
    },
    "categoryIds": ["c-health-beauty"],
    "similarProducts": []
  },
  {
    "id": "revlon-super-lustrous-matte-lipstick-pick-me-up",
    "name": "Super Lustrous Matte Lipstick Pick Me Up",
    "brand": "Revlon",
    "imageUrls": [
      "https://shop.coles.com.au/wcsstore/Coles-CAS/images/3/8/1/3813640.jpg"
    ],
    "storeId": "coles",
    "packageSize": "4.2g",
    "cupPrice": "$29.76 per 10G",
    "locations": {
      "VIC": { "price": 12.5, "discountRate": 50, "promo": "", "orgPrice": 25 },
      "SA": { "price": 12.5, "discountRate": 50, "promo": "", "orgPrice": 25 },
      "QLD": { "price": 12.5, "discountRate": 50, "promo": "", "orgPrice": 25 },
      "NSW": { "price": 12.5, "discountRate": 50, "promo": "", "orgPrice": 25 },
      "WA": { "price": 12.5, "discountRate": 50, "promo": "", "orgPrice": 25 },
      "TAS": { "price": 12.5, "discountRate": 50, "promo": "", "orgPrice": 25 },
      "ACT": { "price": 12.5, "discountRate": 50, "promo": "", "orgPrice": 25 },
      "NT": {
        "price": 13.12,
        "discountRate": 50,
        "promo": "",
        "orgPrice": 26.25
      }
    },
    "categoryIds": ["c-health-beauty"],
    "similarProducts": []
  },
  {
    "id": "schick-intuition-razor-kit-aloe",
    "name": "Intuition Pure Nourishment Coconut Milk Razor Kit",
    "brand": "Schick",
    "imageUrls": [
      "https://shop.coles.com.au/wcsstore/Coles-CAS/images/7/6/7/7679152.jpg"
    ],
    "storeId": "coles",
    "packageSize": "1 pack",
    "cupPrice": "$6.40 per 1Ea",
    "locations": {
      "VIC": {
        "price": 6.4,
        "discountRate": 50,
        "promo": "",
        "orgPrice": 12.8
      },
      "SA": { "price": 6.4, "discountRate": 50, "promo": "", "orgPrice": 12.8 },
      "QLD": {
        "price": 6.4,
        "discountRate": 50,
        "promo": "",
        "orgPrice": 12.8
      },
      "NSW": {
        "price": 6.4,
        "discountRate": 50,
        "promo": "",
        "orgPrice": 12.8
      },
      "WA": { "price": 6.4, "discountRate": 50, "promo": "", "orgPrice": 12.8 },
      "TAS": {
        "price": 6.4,
        "discountRate": 50,
        "promo": "",
        "orgPrice": 12.8
      },
      "ACT": {
        "price": 6.4,
        "discountRate": 50,
        "promo": "",
        "orgPrice": 12.8
      },
      "NT": {
        "price": 6.72,
        "discountRate": 50,
        "promo": "",
        "orgPrice": 13.44
      }
    },
    "categoryIds": ["c-health-beauty"],
    "similarProducts": []
  },
  {
    "id": "schick-hydro-silk-razor-blade-kit",
    "name": "Hydro Silk Razor & Blade Kit",
    "brand": "Schick",
    "imageUrls": [
      "https://shop.coles.com.au/wcsstore/Coles-CAS/images/9/8/4/9849763.jpg"
    ],
    "storeId": "coles",
    "packageSize": "1 pack",
    "cupPrice": "$7.30 per 1Ea",
    "locations": {
      "VIC": {
        "price": 7.3,
        "discountRate": 50,
        "promo": "",
        "orgPrice": 14.6
      },
      "SA": { "price": 7.3, "discountRate": 50, "promo": "", "orgPrice": 14.6 },
      "QLD": {
        "price": 7.3,
        "discountRate": 50,
        "promo": "",
        "orgPrice": 14.6
      },
      "NSW": {
        "price": 7.3,
        "discountRate": 50,
        "promo": "",
        "orgPrice": 14.6
      },
      "WA": { "price": 7.3, "discountRate": 50, "promo": "", "orgPrice": 14.6 },
      "TAS": {
        "price": 7.3,
        "discountRate": 50,
        "promo": "",
        "orgPrice": 14.6
      },
      "ACT": {
        "price": 7.3,
        "discountRate": 50,
        "promo": "",
        "orgPrice": 14.6
      },
      "NT": {
        "price": 7.66,
        "discountRate": 50,
        "promo": "",
        "orgPrice": 15.33
      }
    },
    "categoryIds": ["c-health-beauty"],
    "similarProducts": []
  },
  {
    "id": "schick--hydro-5-razor",
    "name": "Hydro 5 Razor Kit",
    "brand": "Schick",
    "imageUrls": [
      "https://shop.coles.com.au/wcsstore/Coles-CAS/images/2/6/2/2629690.jpg"
    ],
    "storeId": "coles",
    "packageSize": "1 pack",
    "cupPrice": "$6.50 per 1Ea",
    "locations": {
      "VIC": { "price": 6.5, "discountRate": 50, "promo": "", "orgPrice": 13 },
      "SA": { "price": 6.5, "discountRate": 50, "promo": "", "orgPrice": 13 },
      "QLD": { "price": 6.5, "discountRate": 50, "promo": "", "orgPrice": 13 },
      "NSW": { "price": 6.5, "discountRate": 50, "promo": "", "orgPrice": 13 },
      "WA": { "price": 6.5, "discountRate": 50, "promo": "", "orgPrice": 13 },
      "TAS": { "price": 6.5, "discountRate": 50, "promo": "", "orgPrice": 13 },
      "ACT": { "price": 6.5, "discountRate": 50, "promo": "", "orgPrice": 13 },
      "NT": {
        "price": 6.82,
        "discountRate": 50,
        "promo": "",
        "orgPrice": 13.65
      }
    },
    "categoryIds": ["c-health-beauty"],
    "similarProducts": []
  },
  {
    "id": "schick-hydro-5-sense-comfort-kit",
    "name": "Sense Hydro 5 Sensitive Kit",
    "brand": "Schick",
    "imageUrls": [
      "https://shop.coles.com.au/wcsstore/Coles-CAS/images/3/1/4/3140855.jpg"
    ],
    "storeId": "coles",
    "packageSize": "1 pack",
    "cupPrice": "$8.00 per 1Ea",
    "locations": {
      "VIC": { "price": 8, "discountRate": 50, "promo": "", "orgPrice": 16 },
      "SA": { "price": 8, "discountRate": 50, "promo": "", "orgPrice": 16 },
      "QLD": { "price": 8, "discountRate": 50, "promo": "", "orgPrice": 16 },
      "NSW": { "price": 8, "discountRate": 50, "promo": "", "orgPrice": 16 },
      "WA": { "price": 8, "discountRate": 50, "promo": "", "orgPrice": 16 },
      "TAS": { "price": 8, "discountRate": 50, "promo": "", "orgPrice": 16 },
      "ACT": { "price": 8, "discountRate": 50, "promo": "", "orgPrice": 16 },
      "NT": { "price": 8.4, "discountRate": 50, "promo": "", "orgPrice": 16.8 }
    },
    "categoryIds": ["c-health-beauty"],
    "similarProducts": []
  },
  {
    "id": "schick-hydro-silk-trimstyle-kit-5refills",
    "name": "Hydro Silk Trimstyle Kit + 5 Refills",
    "brand": "Schick",
    "imageUrls": [
      "https://shop.coles.com.au/wcsstore/Coles-CAS/images/3/3/6/3365764.jpg"
    ],
    "storeId": "coles",
    "packageSize": "1 kit",
    "cupPrice": "$20.00 per 1Ea",
    "locations": {
      "VIC": { "price": 20, "discountRate": 50, "promo": "", "orgPrice": 40 },
      "SA": { "price": 20, "discountRate": 50, "promo": "", "orgPrice": 40 },
      "QLD": { "price": 20, "discountRate": 50, "promo": "", "orgPrice": 40 },
      "NSW": { "price": 20, "discountRate": 50, "promo": "", "orgPrice": 40 },
      "WA": { "price": 20, "discountRate": 50, "promo": "", "orgPrice": 40 },
      "TAS": { "price": 20, "discountRate": 50, "promo": "", "orgPrice": 40 },
      "ACT": { "price": 20, "discountRate": 50, "promo": "", "orgPrice": 40 },
      "NT": { "price": 21, "discountRate": 50, "promo": "", "orgPrice": 42 }
    },
    "categoryIds": ["c-health-beauty"],
    "similarProducts": []
  },
  {
    "id": "sunsilk-shampoo-addictive-brilliant-shine",
    "name": "Addictive Brilliant Shine Shampoo",
    "brand": "Sunsilk",
    "imageUrls": [
      "https://shop.coles.com.au/wcsstore/Coles-CAS/images/7/5/4/7549576.jpg"
    ],
    "storeId": "coles",
    "packageSize": "700mL",
    "cupPrice": "$0.71 per 100mL",
    "locations": {
      "VIC": { "price": 5, "discountRate": 50, "promo": "", "orgPrice": 10 },
      "SA": { "price": 5, "discountRate": 50, "promo": "", "orgPrice": 10 },
      "QLD": { "price": 5, "discountRate": 50, "promo": "", "orgPrice": 10 },
      "NSW": { "price": 5, "discountRate": 50, "promo": "", "orgPrice": 10 },
      "WA": { "price": 5, "discountRate": 50, "promo": "", "orgPrice": 10 },
      "TAS": { "price": 5, "discountRate": 50, "promo": "", "orgPrice": 10 },
      "ACT": { "price": 5, "discountRate": 50, "promo": "", "orgPrice": 10 },
      "NT": { "price": 5.25, "discountRate": 50, "promo": "", "orgPrice": 10.5 }
    },
    "categoryIds": ["c-health-beauty"],
    "similarProducts": []
  },
  {
    "id": "sunsilk-shampoo-addictive-brilliant-shine-7547898p",
    "name": "Addictive Brilliant Shine Shampoo",
    "brand": "Sunsilk",
    "imageUrls": [
      "https://shop.coles.com.au/wcsstore/Coles-CAS/images/7/5/4/7547898.jpg"
    ],
    "storeId": "coles",
    "packageSize": "350mL",
    "cupPrice": "$0.79 per 100mL",
    "locations": {
      "VIC": {
        "price": 2.75,
        "discountRate": 50,
        "promo": "",
        "orgPrice": 5.5
      },
      "SA": { "price": 2.75, "discountRate": 50, "promo": "", "orgPrice": 5.5 },
      "QLD": {
        "price": 2.75,
        "discountRate": 50,
        "promo": "",
        "orgPrice": 5.5
      },
      "NSW": {
        "price": 2.75,
        "discountRate": 50,
        "promo": "",
        "orgPrice": 5.5
      },
      "WA": { "price": 2.75, "discountRate": 50, "promo": "", "orgPrice": 5.5 },
      "TAS": {
        "price": 2.75,
        "discountRate": 50,
        "promo": "",
        "orgPrice": 5.5
      },
      "ACT": {
        "price": 2.75,
        "discountRate": 50,
        "promo": "",
        "orgPrice": 5.5
      },
      "NT": { "price": 2.89, "discountRate": 50, "promo": "", "orgPrice": 5.78 }
    },
    "categoryIds": ["c-health-beauty"],
    "similarProducts": []
  },
  {
    "id": "sunsilk-conditioner-adictive-brilliant-shine",
    "name": "Addictive Brilliant Shine Conditioner",
    "brand": "Sunsilk",
    "imageUrls": [
      "https://shop.coles.com.au/wcsstore/Coles-CAS/images/7/5/4/7548959.jpg"
    ],
    "storeId": "coles",
    "packageSize": "350mL",
    "cupPrice": "$0.79 per 100mL",
    "locations": {
      "VIC": {
        "price": 2.75,
        "discountRate": 50,
        "promo": "",
        "orgPrice": 5.5
      },
      "SA": { "price": 2.75, "discountRate": 50, "promo": "", "orgPrice": 5.5 },
      "QLD": {
        "price": 2.75,
        "discountRate": 50,
        "promo": "",
        "orgPrice": 5.5
      },
      "NSW": {
        "price": 2.75,
        "discountRate": 50,
        "promo": "",
        "orgPrice": 5.5
      },
      "WA": { "price": 2.75, "discountRate": 50, "promo": "", "orgPrice": 5.5 },
      "TAS": {
        "price": 2.75,
        "discountRate": 50,
        "promo": "",
        "orgPrice": 5.5
      },
      "ACT": {
        "price": 2.75,
        "discountRate": 50,
        "promo": "",
        "orgPrice": 5.5
      },
      "NT": { "price": 2.89, "discountRate": 50, "promo": "", "orgPrice": 5.78 }
    },
    "categoryIds": ["c-health-beauty"],
    "similarProducts": []
  },
  {
    "id": "sunsilk-conditioner-addictive-brilliant-shine",
    "name": "Addictive Brilliant Shine Conditioner",
    "brand": "Sunsilk",
    "imageUrls": [
      "https://shop.coles.com.au/wcsstore/Coles-CAS/images/7/5/4/7549951.jpg"
    ],
    "storeId": "coles",
    "packageSize": "700mL",
    "cupPrice": "$0.71 per 100mL",
    "locations": {
      "VIC": { "price": 5, "discountRate": 50, "promo": "", "orgPrice": 10 },
      "SA": { "price": 5, "discountRate": 50, "promo": "", "orgPrice": 10 },
      "QLD": { "price": 5, "discountRate": 50, "promo": "", "orgPrice": 10 },
      "NSW": { "price": 5, "discountRate": 50, "promo": "", "orgPrice": 10 },
      "WA": { "price": 5, "discountRate": 50, "promo": "", "orgPrice": 10 },
      "TAS": { "price": 5, "discountRate": 50, "promo": "", "orgPrice": 10 },
      "ACT": { "price": 5, "discountRate": 50, "promo": "", "orgPrice": 10 },
      "NT": { "price": 5.25, "discountRate": 50, "promo": "", "orgPrice": 10.5 }
    },
    "categoryIds": ["c-health-beauty"],
    "similarProducts": []
  },
  {
    "id": "sunsilk-conditioner-longer-stronger",
    "name": "Longer & Stronger Conditioner",
    "brand": "Sunsilk",
    "imageUrls": [
      "https://shop.coles.com.au/wcsstore/Coles-CAS/images/9/9/7/9971870.jpg"
    ],
    "storeId": "coles",
    "packageSize": "700mL",
    "cupPrice": "$0.71 per 100mL",
    "locations": {
      "VIC": { "price": 5, "discountRate": 50, "promo": "", "orgPrice": 10 },
      "SA": { "price": 5, "discountRate": 50, "promo": "", "orgPrice": 10 },
      "QLD": { "price": 5, "discountRate": 50, "promo": "", "orgPrice": 10 },
      "NSW": { "price": 5, "discountRate": 50, "promo": "", "orgPrice": 10 },
      "WA": { "price": 5, "discountRate": 50, "promo": "", "orgPrice": 10 },
      "TAS": { "price": 5, "discountRate": 50, "promo": "", "orgPrice": 10 },
      "ACT": { "price": 5, "discountRate": 50, "promo": "", "orgPrice": 10 },
      "NT": { "price": 5.25, "discountRate": 48, "promo": "", "orgPrice": 10 }
    },
    "categoryIds": ["c-health-beauty"],
    "similarProducts": []
  },
  {
    "id": "sunsilk-shampoo-longer-stronger-9972045p",
    "name": "Longer & Stronger Shampoo",
    "brand": "Sunsilk",
    "imageUrls": [
      "https://shop.coles.com.au/wcsstore/Coles-CAS/images/9/9/7/9972045.jpg"
    ],
    "storeId": "coles",
    "packageSize": "700mL",
    "cupPrice": "$0.71 per 100mL",
    "locations": {
      "VIC": { "price": 5, "discountRate": 50, "promo": "", "orgPrice": 10 },
      "SA": { "price": 5, "discountRate": 50, "promo": "", "orgPrice": 10 },
      "QLD": { "price": 5, "discountRate": 50, "promo": "", "orgPrice": 10 },
      "NSW": { "price": 5, "discountRate": 50, "promo": "", "orgPrice": 10 },
      "WA": { "price": 5, "discountRate": 50, "promo": "", "orgPrice": 10 },
      "TAS": { "price": 5, "discountRate": 50, "promo": "", "orgPrice": 10 },
      "ACT": { "price": 5, "discountRate": 50, "promo": "", "orgPrice": 10 },
      "NT": { "price": 5.25, "discountRate": 48, "promo": "", "orgPrice": 10 }
    },
    "categoryIds": ["c-health-beauty"],
    "similarProducts": []
  },
  {
    "id": "sunsilk-soft-smooth-shampoo",
    "name": "Soft & Smooth Shampoo",
    "brand": "Sunsilk",
    "imageUrls": [
      "https://shop.coles.com.au/wcsstore/Coles-CAS/images/2/6/7/2672190.jpg"
    ],
    "storeId": "coles",
    "packageSize": "350mL",
    "cupPrice": "$0.79 per 100mL",
    "locations": {
      "VIC": {
        "price": 2.75,
        "discountRate": 50,
        "promo": "",
        "orgPrice": 5.5
      },
      "SA": { "price": 2.75, "discountRate": 50, "promo": "", "orgPrice": 5.5 },
      "QLD": {
        "price": 2.75,
        "discountRate": 50,
        "promo": "",
        "orgPrice": 5.5
      },
      "NSW": {
        "price": 2.75,
        "discountRate": 50,
        "promo": "",
        "orgPrice": 5.5
      },
      "WA": { "price": 2.75, "discountRate": 50, "promo": "", "orgPrice": 5.5 },
      "TAS": {
        "price": 2.75,
        "discountRate": 50,
        "promo": "",
        "orgPrice": 5.5
      },
      "ACT": {
        "price": 2.75,
        "discountRate": 50,
        "promo": "",
        "orgPrice": 5.5
      },
      "NT": { "price": 2.89, "discountRate": 50, "promo": "", "orgPrice": 5.78 }
    },
    "categoryIds": ["c-health-beauty"],
    "similarProducts": []
  },
  {
    "id": "sunsilk-conditioner-soft-smooth-conditioner",
    "name": "Soft & Smooth Conditioner",
    "brand": "Sunsilk",
    "imageUrls": [
      "https://shop.coles.com.au/wcsstore/Coles-CAS/images/2/6/7/2671867.jpg"
    ],
    "storeId": "coles",
    "packageSize": "350mL",
    "cupPrice": "$0.79 per 100mL",
    "locations": {
      "VIC": {
        "price": 2.75,
        "discountRate": 50,
        "promo": "",
        "orgPrice": 5.5
      },
      "SA": { "price": 2.75, "discountRate": 50, "promo": "", "orgPrice": 5.5 },
      "QLD": {
        "price": 2.75,
        "discountRate": 50,
        "promo": "",
        "orgPrice": 5.5
      },
      "NSW": {
        "price": 2.75,
        "discountRate": 50,
        "promo": "",
        "orgPrice": 5.5
      },
      "WA": { "price": 2.75, "discountRate": 50, "promo": "", "orgPrice": 5.5 },
      "TAS": {
        "price": 2.75,
        "discountRate": 50,
        "promo": "",
        "orgPrice": 5.5
      },
      "ACT": {
        "price": 2.75,
        "discountRate": 50,
        "promo": "",
        "orgPrice": 5.5
      },
      "NT": { "price": 2.89, "discountRate": 50, "promo": "", "orgPrice": 5.78 }
    },
    "categoryIds": ["c-health-beauty"],
    "similarProducts": []
  },
  {
    "id": "smash-layla-lunch-bag",
    "name": "Layla Lunch Bag",
    "brand": "Smash",
    "imageUrls": [
      "https://shop.coles.com.au/wcsstore/Coles-CAS/images/2/0/3/2033328.jpg"
    ],
    "storeId": "coles",
    "packageSize": "",
    "cupPrice": "$7.50 per 1Ea",
    "locations": {
      "SA": { "price": 7.5, "discountRate": 50, "promo": "", "orgPrice": 15 },
      "QLD": { "price": 7.5, "discountRate": 50, "promo": "", "orgPrice": 15 },
      "NSW": { "price": 7.5, "discountRate": 50, "promo": "", "orgPrice": 15 },
      "TAS": { "price": 7.5, "discountRate": 50, "promo": "", "orgPrice": 15 },
      "ACT": { "price": 7.5, "discountRate": 50, "promo": "", "orgPrice": 15 }
    },
    "categoryIds": ["c-back-to-school", "c-household"],
    "similarProducts": []
  },
  {
    "id": "smash-light-lunch-bag-smash-light-lunch-bag",
    "name": "Nude Food Movers Lunch Bag",
    "brand": "Smash",
    "imageUrls": [
      "https://shop.coles.com.au/wcsstore/Coles-CAS/images/3/3/8/3380780.jpg"
    ],
    "storeId": "coles",
    "packageSize": "",
    "cupPrice": "$7.00 per 1Ea",
    "locations": {
      "SA": { "price": 7, "discountRate": 50, "promo": "", "orgPrice": 14 },
      "QLD": { "price": 7, "discountRate": 50, "promo": "", "orgPrice": 14 },
      "NSW": { "price": 7, "discountRate": 50, "promo": "", "orgPrice": 14 },
      "TAS": { "price": 7, "discountRate": 50, "promo": "", "orgPrice": 14 },
      "ACT": { "price": 7, "discountRate": 50, "promo": "", "orgPrice": 14 }
    },
    "categoryIds": ["c-back-to-school", "c-household"],
    "similarProducts": []
  },
  {
    "id": "don-sliced-mild-hungarian-salami",
    "name": "Thinly Sliced Hungarian Salami Mild",
    "brand": "Don",
    "imageUrls": [
      "https://shop.coles.com.au/wcsstore/Coles-CAS/images/3/5/7/3576056.jpg"
    ],
    "storeId": "coles",
    "packageSize": "180g",
    "cupPrice": "$17.78 per 1Kg",
    "locations": {
      "SA": { "price": 3.2, "discountRate": 50, "promo": "", "orgPrice": 6.4 },
      "QLD": { "price": 3.2, "discountRate": 50, "promo": "", "orgPrice": 6.4 },
      "NSW": { "price": 3.2, "discountRate": 50, "promo": "", "orgPrice": 6.4 },
      "WA": { "price": 3.2, "discountRate": 50, "promo": "", "orgPrice": 6.4 },
      "ACT": { "price": 3.2, "discountRate": 50, "promo": "", "orgPrice": 6.4 },
      "NT": { "price": 3.2, "discountRate": 50, "promo": "", "orgPrice": 6.4 }
    },
    "categoryIds": [
      "c-entertaining-at-home",
      "c-meat-seafood-deli",
      "c-dairy-eggs-meals"
    ],
    "similarProducts": []
  },
  {
    "id": "don-salami-hungarin-hot-sliced",
    "name": "Thinly Sliced Hungarian Salami Hot",
    "brand": "Don",
    "imageUrls": [
      "https://shop.coles.com.au/wcsstore/Coles-CAS/images/3/5/7/3576012.jpg"
    ],
    "storeId": "coles",
    "packageSize": "180g",
    "cupPrice": "$17.78 per 1Kg",
    "locations": {
      "SA": { "price": 3.2, "discountRate": 50, "promo": "", "orgPrice": 6.4 },
      "QLD": { "price": 3.2, "discountRate": 50, "promo": "", "orgPrice": 6.4 },
      "NSW": { "price": 3.2, "discountRate": 50, "promo": "", "orgPrice": 6.4 },
      "WA": { "price": 3.2, "discountRate": 50, "promo": "", "orgPrice": 6.4 },
      "TAS": { "price": 3.2, "discountRate": 50, "promo": "", "orgPrice": 6.4 },
      "ACT": { "price": 3.2, "discountRate": 50, "promo": "", "orgPrice": 6.4 },
      "NT": { "price": 3.2, "discountRate": 50, "promo": "", "orgPrice": 6.4 }
    },
    "categoryIds": [
      "c-entertaining-at-home",
      "c-meat-seafood-deli",
      "c-dairy-eggs-meals"
    ],
    "similarProducts": []
  },
  {
    "id": "cadbury-chocolate-mini-roll-10pk",
    "name": "Milk Chocolate Mini Rolls 10 Pack",
    "brand": "Cadbury",
    "imageUrls": [
      "https://shop.coles.com.au/wcsstore/Coles-CAS/images/3/4/7/3475569.jpg"
    ],
    "storeId": "coles",
    "packageSize": "230g",
    "cupPrice": "$1.09 per 100G",
    "locations": {
      "SA": { "price": 2.5, "discountRate": 55, "promo": "", "orgPrice": 5.5 },
      "QLD": { "price": 2.5, "discountRate": 55, "promo": "", "orgPrice": 5.5 },
      "WA": { "price": 2.5, "discountRate": 55, "promo": "", "orgPrice": 5.5 },
      "TAS": { "price": 2.5, "discountRate": 55, "promo": "", "orgPrice": 5.5 },
      "ACT": { "price": 2.5, "discountRate": 55, "promo": "", "orgPrice": 5.5 },
      "NT": { "price": 2.5, "discountRate": 55, "promo": "", "orgPrice": 5.5 }
    },
    "categoryIds": ["c-bread-bakery"],
    "similarProducts": []
  },
  {
    "id": "chobani-choc-mint-yoghurt",
    "name": "Flip Mint Chocolate Chip Yoghurt",
    "brand": "Chobani",
    "imageUrls": [
      "https://shop.coles.com.au/wcsstore/Coles-CAS/images/2/9/7/2974971.jpg"
    ],
    "storeId": "coles",
    "packageSize": "140g",
    "cupPrice": "$1.07 per 100G",
    "locations": {
      "SA": { "price": 1.5, "discountRate": 50, "promo": "", "orgPrice": 3 },
      "QLD": { "price": 1.5, "discountRate": 50, "promo": "", "orgPrice": 3 },
      "NSW": { "price": 1.5, "discountRate": 50, "promo": "", "orgPrice": 3 },
      "WA": { "price": 1.5, "discountRate": 50, "promo": "", "orgPrice": 3 },
      "TAS": { "price": 1.5, "discountRate": 50, "promo": "", "orgPrice": 3 },
      "ACT": { "price": 1.5, "discountRate": 50, "promo": "", "orgPrice": 3 },
      "NT": { "price": 1.5, "discountRate": 54, "promo": "", "orgPrice": 3.24 }
    },
    "categoryIds": ["c-dairy-eggs-meals"],
    "similarProducts": []
  },
  {
    "id": "chobani--flip-key-lime-crumble-yoghurt",
    "name": "Flip Key Lime Crumble Yoghurt",
    "brand": "Chobani",
    "imageUrls": [
      "https://shop.coles.com.au/wcsstore/Coles-CAS/images/2/9/7/2974949.jpg"
    ],
    "storeId": "coles",
    "packageSize": "140g",
    "cupPrice": "$1.07 per 100G",
    "locations": {
      "SA": { "price": 1.5, "discountRate": 50, "promo": "", "orgPrice": 3 },
      "QLD": { "price": 1.5, "discountRate": 50, "promo": "", "orgPrice": 3 },
      "NSW": { "price": 1.5, "discountRate": 50, "promo": "", "orgPrice": 3 },
      "TAS": { "price": 1.5, "discountRate": 50, "promo": "", "orgPrice": 3 },
      "ACT": { "price": 1.5, "discountRate": 50, "promo": "", "orgPrice": 3 },
      "NT": { "price": 1.5, "discountRate": 54, "promo": "", "orgPrice": 3.24 }
    },
    "categoryIds": ["c-dairy-eggs-meals"],
    "similarProducts": []
  },
  {
    "id": "arnotts-tim-tam-crafted-biscuits-honey-cream",
    "name": "Tim Tam Manuka Honey & Cream Crafted Biscuits",
    "brand": "Arnott's",
    "imageUrls": [
      "https://shop.coles.com.au/wcsstore/Coles-CAS/images/3/7/2/3720185.jpg"
    ],
    "storeId": "coles",
    "packageSize": "160g",
    "cupPrice": "$1.14 per 100G",
    "locations": {
      "SA": {
        "price": 1.82,
        "discountRate": 50,
        "promo": "",
        "orgPrice": 3.6500000000000004
      },
      "TAS": {
        "price": 1.82,
        "discountRate": 50,
        "promo": "",
        "orgPrice": 3.6500000000000004
      },
      "NT": { "price": 1.91, "discountRate": 50, "promo": "", "orgPrice": 3.83 }
    },
    "categoryIds": ["c-pantry"],
    "similarProducts": []
  },
  {
    "id": "arnotts-tim-tam-crafted-biscuits-strawberry-cream",
    "name": "Tim Tam Sunshine Coast Strawberry & Cream Crafted Biscuits",
    "brand": "Arnott's",
    "imageUrls": [
      "https://shop.coles.com.au/wcsstore/Coles-CAS/images/3/7/2/3720163.jpg"
    ],
    "storeId": "coles",
    "packageSize": "160g",
    "cupPrice": "$1.14 per 100G",
    "locations": {
      "SA": {
        "price": 1.82,
        "discountRate": 50,
        "promo": "",
        "orgPrice": 3.6500000000000004
      },
      "QLD": {
        "price": 1.82,
        "discountRate": 50,
        "promo": "",
        "orgPrice": 3.6500000000000004
      },
      "NSW": {
        "price": 1.82,
        "discountRate": 50,
        "promo": "",
        "orgPrice": 3.6500000000000004
      },
      "WA": {
        "price": 1.82,
        "discountRate": 50,
        "promo": "",
        "orgPrice": 3.6500000000000004
      },
      "TAS": {
        "price": 1.82,
        "discountRate": 50,
        "promo": "",
        "orgPrice": 3.6500000000000004
      },
      "ACT": {
        "price": 1.82,
        "discountRate": 50,
        "promo": "",
        "orgPrice": 3.6500000000000004
      },
      "NT": { "price": 1.91, "discountRate": 50, "promo": "", "orgPrice": 3.83 }
    },
    "categoryIds": ["c-pantry"],
    "similarProducts": []
  },
  {
    "id": "arnotts-tim-tam-crafted-biscuits-orange-dark-choc",
    "name": "Tim Tam Orange & Dark Choc Crafted Biscuits",
    "brand": "Arnott's",
    "imageUrls": [
      "https://shop.coles.com.au/wcsstore/Coles-CAS/images/3/7/2/3720174.jpg"
    ],
    "storeId": "coles",
    "packageSize": "160g",
    "cupPrice": "$1.14 per 100G",
    "locations": {
      "SA": {
        "price": 1.82,
        "discountRate": 50,
        "promo": "",
        "orgPrice": 3.6500000000000004
      },
      "QLD": {
        "price": 1.82,
        "discountRate": 50,
        "promo": "",
        "orgPrice": 3.6500000000000004
      },
      "NSW": {
        "price": 1.82,
        "discountRate": 50,
        "promo": "",
        "orgPrice": 3.6500000000000004
      },
      "WA": {
        "price": 1.82,
        "discountRate": 50,
        "promo": "",
        "orgPrice": 3.6500000000000004
      },
      "TAS": {
        "price": 1.82,
        "discountRate": 50,
        "promo": "",
        "orgPrice": 3.6500000000000004
      },
      "ACT": {
        "price": 1.82,
        "discountRate": 50,
        "promo": "",
        "orgPrice": 3.6500000000000004
      },
      "NT": { "price": 1.91, "discountRate": 50, "promo": "", "orgPrice": 3.83 }
    },
    "categoryIds": ["c-pantry"],
    "similarProducts": []
  },
  {
    "id": "arnotts-tim-tam-crafted-biscuits-salted-caramel",
    "name": "Tim Tam Murray River Salted Caramel Crafted Biscuits",
    "brand": "Arnott's",
    "imageUrls": [
      "https://shop.coles.com.au/wcsstore/Coles-CAS/images/3/7/2/3720152.jpg"
    ],
    "storeId": "coles",
    "packageSize": "175g",
    "cupPrice": "$1.04 per 100G",
    "locations": {
      "SA": {
        "price": 1.82,
        "discountRate": 50,
        "promo": "",
        "orgPrice": 3.6500000000000004
      },
      "QLD": {
        "price": 1.82,
        "discountRate": 50,
        "promo": "",
        "orgPrice": 3.6500000000000004
      },
      "NSW": {
        "price": 1.82,
        "discountRate": 50,
        "promo": "",
        "orgPrice": 3.6500000000000004
      },
      "WA": {
        "price": 1.82,
        "discountRate": 50,
        "promo": "",
        "orgPrice": 3.6500000000000004
      },
      "TAS": {
        "price": 1.82,
        "discountRate": 50,
        "promo": "",
        "orgPrice": 3.6500000000000004
      },
      "ACT": {
        "price": 1.82,
        "discountRate": 50,
        "promo": "",
        "orgPrice": 3.6500000000000004
      },
      "NT": { "price": 1.91, "discountRate": 50, "promo": "", "orgPrice": 3.83 }
    },
    "categoryIds": ["c-pantry"],
    "similarProducts": []
  },
  {
    "id": "fantastic-noodles-chicken-chow-mein-5565888p",
    "name": "Chicken Chow Mein Noodles",
    "brand": "Fantastic",
    "imageUrls": [
      "https://shop.coles.com.au/wcsstore/Coles-CAS/images/5/5/6/5565888.jpg"
    ],
    "storeId": "coles",
    "packageSize": "70g",
    "cupPrice": "$1.14 per 100G",
    "locations": {
      "SA": { "price": 0.8, "discountRate": 50, "promo": "", "orgPrice": 1.6 },
      "QLD": { "price": 0.8, "discountRate": 50, "promo": "", "orgPrice": 1.6 },
      "NSW": { "price": 0.8, "discountRate": 50, "promo": "", "orgPrice": 1.6 },
      "WA": { "price": 0.8, "discountRate": 50, "promo": "", "orgPrice": 1.6 },
      "TAS": { "price": 0.8, "discountRate": 50, "promo": "", "orgPrice": 1.6 },
      "ACT": { "price": 0.8, "discountRate": 50, "promo": "", "orgPrice": 1.6 },
      "NT": { "price": 0.8, "discountRate": 50, "promo": "", "orgPrice": 1.6 }
    },
    "categoryIds": ["c-pantry"],
    "similarProducts": []
  },
  {
    "id": "carmans-protein-bars-salted-caramel-nut-butter",
    "name": "Salted Caramel Nut Butter Gourmet Protein Bars 5 pack",
    "brand": "Carman's",
    "imageUrls": [
      "https://shop.coles.com.au/wcsstore/Coles-CAS/images/3/3/8/3387869.jpg"
    ],
    "storeId": "coles",
    "packageSize": "200g",
    "cupPrice": "$1.58 per 100G",
    "locations": {
      "SA": { "price": 3.15, "discountRate": 50, "promo": "", "orgPrice": 6.3 },
      "QLD": {
        "price": 3.15,
        "discountRate": 50,
        "promo": "",
        "orgPrice": 6.3
      },
      "NSW": {
        "price": 3.15,
        "discountRate": 50,
        "promo": "",
        "orgPrice": 6.3
      },
      "WA": { "price": 3.15, "discountRate": 50, "promo": "", "orgPrice": 6.3 },
      "TAS": {
        "price": 3.15,
        "discountRate": 50,
        "promo": "",
        "orgPrice": 6.3
      },
      "ACT": {
        "price": 3.15,
        "discountRate": 50,
        "promo": "",
        "orgPrice": 6.3
      },
      "NT": { "price": 3.31, "discountRate": 50, "promo": "", "orgPrice": 6.62 }
    },
    "categoryIds": ["c-pantry"],
    "similarProducts": []
  },
  {
    "id": "carmans-dark-choc-cherry-coconut-bars",
    "name": "Dark Choc Cherry & Coconut Bars 6 pack",
    "brand": "Carman's",
    "imageUrls": [
      "https://shop.coles.com.au/wcsstore/Coles-CAS/images/2/9/1/2913751.jpg"
    ],
    "storeId": "coles",
    "packageSize": "210g",
    "cupPrice": "$1.43 per 100G",
    "locations": {
      "SA": { "price": 3, "discountRate": 50, "promo": "", "orgPrice": 6 },
      "QLD": { "price": 3, "discountRate": 50, "promo": "", "orgPrice": 6 },
      "NSW": { "price": 3, "discountRate": 50, "promo": "", "orgPrice": 6 },
      "WA": { "price": 3, "discountRate": 50, "promo": "", "orgPrice": 6 },
      "TAS": { "price": 3, "discountRate": 50, "promo": "", "orgPrice": 6 },
      "ACT": { "price": 3, "discountRate": 50, "promo": "", "orgPrice": 6 },
      "NT": { "price": 3.15, "discountRate": 50, "promo": "", "orgPrice": 6.3 }
    },
    "categoryIds": ["c-pantry"],
    "similarProducts": []
  },
  {
    "id": "uncle-tobys-french-onion-le-snak",
    "name": "Le Snak French Onion",
    "brand": "Uncle Tobys",
    "imageUrls": [
      "https://shop.coles.com.au/wcsstore/Coles-CAS/images/3/0/2/3022371.jpg"
    ],
    "storeId": "coles",
    "packageSize": "132g",
    "cupPrice": "$1.78 per 100G",
    "locations": {
      "SA": { "price": 2.35, "discountRate": 50, "promo": "", "orgPrice": 4.7 },
      "QLD": {
        "price": 2.35,
        "discountRate": 50,
        "promo": "",
        "orgPrice": 4.7
      },
      "NSW": {
        "price": 2.35,
        "discountRate": 50,
        "promo": "",
        "orgPrice": 4.7
      },
      "WA": { "price": 2.35, "discountRate": 50, "promo": "", "orgPrice": 4.7 },
      "TAS": {
        "price": 2.35,
        "discountRate": 50,
        "promo": "",
        "orgPrice": 4.7
      },
      "ACT": {
        "price": 2.35,
        "discountRate": 50,
        "promo": "",
        "orgPrice": 4.7
      },
      "NT": { "price": 2.47, "discountRate": 50, "promo": "", "orgPrice": 4.94 }
    },
    "categoryIds": ["c-pantry"],
    "similarProducts": []
  },
  {
    "id": "uncle-tobys-le-snak-nacho-cheese",
    "name": "Le Snak Nacho Cheese",
    "brand": "Uncle Tobys",
    "imageUrls": [
      "https://shop.coles.com.au/wcsstore/Coles-CAS/images/4/9/5/4952889.jpg"
    ],
    "storeId": "coles",
    "packageSize": "132g",
    "cupPrice": "$1.78 per 100G",
    "locations": {
      "SA": { "price": 2.35, "discountRate": 50, "promo": "", "orgPrice": 4.7 },
      "QLD": {
        "price": 2.35,
        "discountRate": 50,
        "promo": "",
        "orgPrice": 4.7
      },
      "NSW": {
        "price": 2.35,
        "discountRate": 50,
        "promo": "",
        "orgPrice": 4.7
      },
      "WA": { "price": 2.35, "discountRate": 50, "promo": "", "orgPrice": 4.7 },
      "TAS": {
        "price": 2.35,
        "discountRate": 50,
        "promo": "",
        "orgPrice": 4.7
      },
      "ACT": {
        "price": 2.35,
        "discountRate": 50,
        "promo": "",
        "orgPrice": 4.7
      },
      "NT": { "price": 2.47, "discountRate": 50, "promo": "", "orgPrice": 4.94 }
    },
    "categoryIds": ["c-pantry"],
    "similarProducts": []
  },
  {
    "id": "carmans-muesli-bars-dark-chocolate-cranberry-almond",
    "name": "Dark Choc Cranberry & Almond Bars 6 pack",
    "brand": "Carman's",
    "imageUrls": [
      "https://shop.coles.com.au/wcsstore/Coles-CAS/images/7/6/7/7677328.jpg"
    ],
    "storeId": "coles",
    "packageSize": "210g",
    "cupPrice": "$1.43 per 100G",
    "locations": {
      "SA": { "price": 3, "discountRate": 50, "promo": "", "orgPrice": 6 },
      "QLD": { "price": 3, "discountRate": 50, "promo": "", "orgPrice": 6 },
      "NSW": { "price": 3, "discountRate": 50, "promo": "", "orgPrice": 6 },
      "WA": { "price": 3, "discountRate": 50, "promo": "", "orgPrice": 6 },
      "TAS": { "price": 3, "discountRate": 50, "promo": "", "orgPrice": 6 },
      "ACT": { "price": 3, "discountRate": 50, "promo": "", "orgPrice": 6 },
      "NT": { "price": 3.15, "discountRate": 50, "promo": "", "orgPrice": 6.3 }
    },
    "categoryIds": ["c-pantry"],
    "similarProducts": []
  },
  {
    "id": "kelloggs-lcms-poppers-chocolatey",
    "name": "LCMs Chocolatey Poppers Puffed Rice Snack Bites",
    "brand": "Kellogg's",
    "imageUrls": [
      "https://shop.coles.com.au/wcsstore/Coles-CAS/images/3/5/8/3583153.jpg"
    ],
    "storeId": "coles",
    "packageSize": "100g",
    "cupPrice": "$2.00 per 100G",
    "locations": {
      "SA": { "price": 2, "discountRate": 50, "promo": "", "orgPrice": 4 },
      "QLD": { "price": 2, "discountRate": 50, "promo": "", "orgPrice": 4 },
      "NSW": { "price": 2, "discountRate": 50, "promo": "", "orgPrice": 4 },
      "WA": { "price": 2, "discountRate": 50, "promo": "", "orgPrice": 4 },
      "TAS": { "price": 2, "discountRate": 50, "promo": "", "orgPrice": 4 },
      "ACT": { "price": 2, "discountRate": 50, "promo": "", "orgPrice": 4 },
      "NT": { "price": 2.1, "discountRate": 50, "promo": "", "orgPrice": 4.2 }
    },
    "categoryIds": ["c-pantry"],
    "similarProducts": []
  },
  {
    "id": "cadbury-coconut-rough",
    "name": "Dairy Milk Coconut Rough Chocolate Bar",
    "brand": "Cadbury",
    "imageUrls": [
      "https://shop.coles.com.au/wcsstore/Coles-CAS/images/3/2/3/3230561.jpg"
    ],
    "storeId": "coles",
    "packageSize": "45g",
    "cupPrice": "$1.89 per 100G",
    "locations": {
      "SA": { "price": 0.85, "discountRate": 58, "promo": "", "orgPrice": 2 },
      "QLD": { "price": 0.85, "discountRate": 58, "promo": "", "orgPrice": 2 },
      "NSW": { "price": 0.85, "discountRate": 58, "promo": "", "orgPrice": 2 },
      "WA": { "price": 0.85, "discountRate": 58, "promo": "", "orgPrice": 2 },
      "TAS": { "price": 0.85, "discountRate": 58, "promo": "", "orgPrice": 2 },
      "ACT": { "price": 0.85, "discountRate": 58, "promo": "", "orgPrice": 2 },
      "NT": { "price": 0.85, "discountRate": 60, "promo": "", "orgPrice": 2.1 }
    },
    "categoryIds": ["c-pantry"],
    "similarProducts": []
  },
  {
    "id": "twinings-infuse-pssnfrt-mng-bld-org-infsn",
    "name": "Passionfruit, Mango & Blood Orange Cold Water Infusion 3 pack",
    "brand": "Twinings",
    "imageUrls": [
      "https://shop.coles.com.au/wcsstore/Coles-CAS/images/3/2/4/3247178.jpg"
    ],
    "storeId": "coles",
    "packageSize": "7.5g",
    "cupPrice": "$0.33 per 1Ea",
    "locations": {
      "SA": { "price": 1, "discountRate": 50, "promo": "", "orgPrice": 2 },
      "QLD": { "price": 1, "discountRate": 50, "promo": "", "orgPrice": 2 },
      "NT": { "price": 1, "discountRate": 52, "promo": "", "orgPrice": 2.1 }
    },
    "categoryIds": ["c-pantry", "c-drinks"],
    "similarProducts": []
  },
  {
    "id": "dole-tropical-fruit-chunks-in-juice",
    "name": "Tropical Fruit Chunks in Juice Pouch",
    "brand": "Dole",
    "imageUrls": [
      "https://shop.coles.com.au/wcsstore/Coles-CAS/images/3/2/1/3215025.jpg"
    ],
    "storeId": "coles",
    "packageSize": "400g",
    "cupPrice": "$3.75 per 1Kg",
    "locations": {
      "SA": { "price": 1.5, "discountRate": 50, "promo": "", "orgPrice": 3 },
      "QLD": { "price": 1.5, "discountRate": 50, "promo": "", "orgPrice": 3 },
      "NSW": { "price": 1.5, "discountRate": 50, "promo": "", "orgPrice": 3 },
      "WA": { "price": 1.5, "discountRate": 50, "promo": "", "orgPrice": 3 },
      "TAS": { "price": 1.5, "discountRate": 50, "promo": "", "orgPrice": 3 },
      "ACT": { "price": 1.5, "discountRate": 50, "promo": "", "orgPrice": 3 },
      "NT": { "price": 1.5, "discountRate": 52, "promo": "", "orgPrice": 3.15 }
    },
    "categoryIds": ["c-pantry"],
    "similarProducts": []
  },
  {
    "id": "guylian-chocolate-belgian-sea-shells",
    "name": "Chocolate Sea Shells",
    "brand": "Guylian",
    "imageUrls": [
      "https://shop.coles.com.au/wcsstore/Coles-CAS/images/9/8/2/9825685.jpg"
    ],
    "storeId": "coles",
    "packageSize": "250g",
    "cupPrice": "$3.20 per 100G",
    "locations": {
      "SA": { "price": 8, "discountRate": 50, "promo": "", "orgPrice": 16 },
      "NSW": { "price": 8, "discountRate": 50, "promo": "", "orgPrice": 16 },
      "WA": { "price": 8, "discountRate": 50, "promo": "", "orgPrice": 16 },
      "TAS": { "price": 8, "discountRate": 50, "promo": "", "orgPrice": 16 },
      "ACT": { "price": 8, "discountRate": 50, "promo": "", "orgPrice": 16 },
      "NT": { "price": 8, "discountRate": 50, "promo": "", "orgPrice": 16 }
    },
    "categoryIds": ["c-pantry"],
    "similarProducts": []
  },
  {
    "id": "cadbury-sharepack-really-nutty-fruity",
    "name": "Really Nutty & Fruity Share Pack",
    "brand": "Cadbury",
    "imageUrls": [
      "https://shop.coles.com.au/wcsstore/Coles-CAS/images/3/7/3/3739252.jpg"
    ],
    "storeId": "coles",
    "packageSize": "150g",
    "cupPrice": "$4.00 per 100G",
    "locations": {
      "SA": {
        "price": 6,
        "discountRate": 50,
        "promo": "Any 2 $6",
        "orgPrice": 6
      },
      "QLD": {
        "price": 6,
        "discountRate": 50,
        "promo": "Any 2 $6",
        "orgPrice": 6
      },
      "NSW": {
        "price": 6,
        "discountRate": 50,
        "promo": "Any 2 $6",
        "orgPrice": 6
      },
      "WA": {
        "price": 6,
        "discountRate": 50,
        "promo": "Any 2 $6",
        "orgPrice": 6
      },
      "TAS": {
        "price": 6,
        "discountRate": 50,
        "promo": "Any 2 $6",
        "orgPrice": 6
      },
      "ACT": {
        "price": 6,
        "discountRate": 50,
        "promo": "Any 2 $6",
        "orgPrice": 6
      },
      "NT": {
        "price": 6.3,
        "discountRate": 52,
        "promo": "Any 2 $6",
        "orgPrice": 6.3
      }
    },
    "categoryIds": ["c-pantry"],
    "similarProducts": []
  },
  {
    "id": "cadbury-smoshed-share-pack-orange-hazelnut",
    "name": "Smooshed Orange & Hazelnut Share Pack",
    "brand": "Cadbury",
    "imageUrls": [
      "https://shop.coles.com.au/wcsstore/Coles-CAS/images/3/7/3/3739004.jpg"
    ],
    "storeId": "coles",
    "packageSize": "150g",
    "cupPrice": "$4.00 per 100G",
    "locations": {
      "SA": {
        "price": 6,
        "discountRate": 50,
        "promo": "Any 2 $6",
        "orgPrice": 6
      },
      "QLD": {
        "price": 6,
        "discountRate": 50,
        "promo": "Any 2 $6",
        "orgPrice": 6
      },
      "NSW": {
        "price": 6,
        "discountRate": 50,
        "promo": "Any 2 $6",
        "orgPrice": 6
      },
      "WA": {
        "price": 6,
        "discountRate": 50,
        "promo": "Any 2 $6",
        "orgPrice": 6
      },
      "TAS": {
        "price": 6,
        "discountRate": 50,
        "promo": "Any 2 $6",
        "orgPrice": 6
      },
      "ACT": {
        "price": 6,
        "discountRate": 50,
        "promo": "Any 2 $6",
        "orgPrice": 6
      },
      "NT": {
        "price": 6.3,
        "discountRate": 52,
        "promo": "Any 2 $6",
        "orgPrice": 6.3
      }
    },
    "categoryIds": ["c-pantry"],
    "similarProducts": []
  },
  {
    "id": "fulfil-protein-bar-cookie-dough",
    "name": "Vitamin And Protein Bar Chocolete Caramel & Cookie Dough Flavour",
    "brand": "Fulfil",
    "imageUrls": [
      "https://shop.coles.com.au/wcsstore/Coles-CAS/images/3/1/2/3129251.jpg"
    ],
    "storeId": "coles",
    "packageSize": "55g",
    "cupPrice": "$3.64 per 100G",
    "locations": {
      "SA": { "price": 2, "discountRate": 50, "promo": "", "orgPrice": 4 },
      "QLD": { "price": 2, "discountRate": 50, "promo": "", "orgPrice": 4 },
      "NSW": { "price": 2, "discountRate": 50, "promo": "", "orgPrice": 4 },
      "TAS": { "price": 2, "discountRate": 50, "promo": "", "orgPrice": 4 },
      "ACT": { "price": 2, "discountRate": 50, "promo": "", "orgPrice": 4 },
      "NT": { "price": 2.1, "discountRate": 50, "promo": "", "orgPrice": 4.2 }
    },
    "categoryIds": ["c-pantry", "c-healthy-living"],
    "similarProducts": []
  },
  {
    "id": "kelloggs-lcms-poppers-yoghurty",
    "name": "LCMs Yoghurty Poppers Puffed Rice Snack Bites",
    "brand": "Kellogg's",
    "imageUrls": [
      "https://shop.coles.com.au/wcsstore/Coles-CAS/images/3/5/8/3583142.jpg"
    ],
    "storeId": "coles",
    "packageSize": "100g",
    "cupPrice": "$2.00 per 100G",
    "locations": {
      "SA": { "price": 2, "discountRate": 50, "promo": "", "orgPrice": 4 },
      "QLD": { "price": 2, "discountRate": 50, "promo": "", "orgPrice": 4 },
      "NSW": { "price": 2, "discountRate": 50, "promo": "", "orgPrice": 4 },
      "WA": { "price": 2, "discountRate": 50, "promo": "", "orgPrice": 4 },
      "TAS": { "price": 2, "discountRate": 50, "promo": "", "orgPrice": 4 },
      "ACT": { "price": 2, "discountRate": 50, "promo": "", "orgPrice": 4 },
      "NT": { "price": 2.1, "discountRate": 50, "promo": "", "orgPrice": 4.2 }
    },
    "categoryIds": ["c-pantry"],
    "similarProducts": []
  },
  {
    "id": "mars-honeycomb-chocolate-block",
    "name": "Maltesers Honeycomb Chocolate Block",
    "brand": "Mars",
    "imageUrls": [
      "https://shop.coles.com.au/wcsstore/Coles-CAS/images/3/7/6/3761284.jpg"
    ],
    "storeId": "coles",
    "packageSize": "146g",
    "cupPrice": "$1.64 per 100G",
    "locations": {
      "SA": { "price": 2.4, "discountRate": 50, "promo": "", "orgPrice": 4.8 },
      "QLD": { "price": 2.4, "discountRate": 50, "promo": "", "orgPrice": 4.8 },
      "NSW": { "price": 2.4, "discountRate": 50, "promo": "", "orgPrice": 4.8 },
      "WA": { "price": 2.4, "discountRate": 50, "promo": "", "orgPrice": 4.8 },
      "TAS": { "price": 2.4, "discountRate": 50, "promo": "", "orgPrice": 4.8 },
      "ACT": { "price": 2.4, "discountRate": 50, "promo": "", "orgPrice": 4.8 },
      "NT": { "price": 2.52, "discountRate": 48, "promo": "", "orgPrice": 4.8 }
    },
    "categoryIds": ["c-pantry"],
    "similarProducts": []
  },
  {
    "id": "naturopathica-fatblaster-keto-fit-vanilla-shake",
    "name": "Fat Blaster Vanilla Flavour Keto Fit Protein Shake Mix",
    "brand": "Naturopathica",
    "imageUrls": [
      "https://shop.coles.com.au/wcsstore/Coles-CAS/images/3/4/7/3478079.jpg"
    ],
    "storeId": "coles",
    "packageSize": "300g",
    "cupPrice": "$5.00 per 100G",
    "locations": {
      "SA": { "price": 15, "discountRate": 50, "promo": "", "orgPrice": 30 },
      "QLD": { "price": 15, "discountRate": 50, "promo": "", "orgPrice": 30 },
      "NSW": { "price": 15, "discountRate": 50, "promo": "", "orgPrice": 30 },
      "TAS": { "price": 15, "discountRate": 50, "promo": "", "orgPrice": 30 },
      "ACT": { "price": 15, "discountRate": 50, "promo": "", "orgPrice": 30 },
      "NT": {
        "price": 15.75,
        "discountRate": 50,
        "promo": "",
        "orgPrice": 31.5
      }
    },
    "categoryIds": ["c-pantry", "c-healthy-living"],
    "similarProducts": []
  },
  {
    "id": "toblerone-gift-box",
    "name": "Gift Box",
    "brand": "Toblerone",
    "imageUrls": [
      "https://shop.coles.com.au/wcsstore/Coles-CAS/images/3/7/1/3716086.jpg"
    ],
    "storeId": "coles",
    "packageSize": "240g",
    "cupPrice": "$2.08 per 100G",
    "locations": {
      "SA": { "price": 5, "discountRate": 64, "promo": "", "orgPrice": 14 },
      "QLD": { "price": 5, "discountRate": 64, "promo": "", "orgPrice": 14 },
      "NSW": { "price": 5, "discountRate": 64, "promo": "", "orgPrice": 14 },
      "WA": { "price": 5, "discountRate": 64, "promo": "", "orgPrice": 14 },
      "TAS": { "price": 5, "discountRate": 64, "promo": "", "orgPrice": 14 },
      "ACT": { "price": 5, "discountRate": 64, "promo": "", "orgPrice": 14 },
      "NT": { "price": 5, "discountRate": 64, "promo": "", "orgPrice": 14 }
    },
    "categoryIds": ["c-pantry"],
    "similarProducts": []
  },
  {
    "id": "twinings-infuse-blbry-blkcrnt-apl-infsn",
    "name": "Blueberry Apple & Blackcurrant Cold Water Infusion 3 pack",
    "brand": "Twinings",
    "imageUrls": [
      "https://shop.coles.com.au/wcsstore/Coles-CAS/images/3/2/4/3247203.jpg"
    ],
    "storeId": "coles",
    "packageSize": "7.5g",
    "cupPrice": "$0.33 per 1Ea",
    "locations": {
      "SA": { "price": 1, "discountRate": 50, "promo": "", "orgPrice": 2 },
      "QLD": { "price": 1, "discountRate": 50, "promo": "", "orgPrice": 2 },
      "NT": { "price": 1, "discountRate": 52, "promo": "", "orgPrice": 2.1 }
    },
    "categoryIds": ["c-pantry", "c-drinks"],
    "similarProducts": []
  },
  {
    "id": "twinings-infuse-rose-lemonade-infusions",
    "name": "Rose Lemonade Cold Water Infusion 3 pack",
    "brand": "Twinings",
    "imageUrls": [
      "https://shop.coles.com.au/wcsstore/Coles-CAS/images/3/2/4/3247190.jpg"
    ],
    "storeId": "coles",
    "packageSize": "7.5g",
    "cupPrice": "$0.33 per 1Ea",
    "locations": {
      "SA": { "price": 1, "discountRate": 50, "promo": "", "orgPrice": 2 },
      "QLD": { "price": 1, "discountRate": 50, "promo": "", "orgPrice": 2 },
      "NT": { "price": 1, "discountRate": 52, "promo": "", "orgPrice": 2.1 }
    },
    "categoryIds": ["c-pantry", "c-drinks"],
    "similarProducts": []
  },
  {
    "id": "twinings-infuse-lmn-orng-gngr-infsn",
    "name": "Lemon, Orange & Ginger Cold Water Infusion 3 pack",
    "brand": "Twinings",
    "imageUrls": [
      "https://shop.coles.com.au/wcsstore/Coles-CAS/images/3/2/4/3247167.jpg"
    ],
    "storeId": "coles",
    "packageSize": "7.5g",
    "cupPrice": "$0.33 per 1Ea",
    "locations": {
      "SA": { "price": 1, "discountRate": 50, "promo": "", "orgPrice": 2 },
      "NT": { "price": 1, "discountRate": 52, "promo": "", "orgPrice": 2.1 }
    },
    "categoryIds": ["c-pantry", "c-drinks"],
    "similarProducts": []
  },
  {
    "id": "nestle-kitkat-stick",
    "name": "Kitkat Ice Cream Stick 4 pack",
    "brand": "Nestle",
    "imageUrls": [
      "https://shop.coles.com.au/wcsstore/Coles-CAS/images/3/5/0/3505728.jpg"
    ],
    "storeId": "coles",
    "packageSize": "360mL",
    "cupPrice": "$1.18 per 100mL",
    "locations": {
      "SA": { "price": 4.25, "discountRate": 50, "promo": "", "orgPrice": 8.5 },
      "QLD": {
        "price": 4.25,
        "discountRate": 50,
        "promo": "",
        "orgPrice": 8.5
      },
      "WA": { "price": 4.25, "discountRate": 50, "promo": "", "orgPrice": 8.5 },
      "TAS": {
        "price": 4.25,
        "discountRate": 50,
        "promo": "",
        "orgPrice": 8.5
      },
      "ACT": {
        "price": 4.25,
        "discountRate": 50,
        "promo": "",
        "orgPrice": 8.5
      },
      "NT": { "price": 4.59, "discountRate": 50, "promo": "", "orgPrice": 9.18 }
    },
    "categoryIds": ["c-frozen"],
    "similarProducts": []
  },
  {
    "id": "morningstar-farms-grillers-prime-burgers",
    "name": "Grillers Prime Burgers",
    "brand": "Morningstar Farms",
    "imageUrls": [
      "https://shop.coles.com.au/wcsstore/Coles-CAS/images/3/7/3/3734805.jpg"
    ],
    "storeId": "coles",
    "packageSize": "284g",
    "cupPrice": "$1.23 per 100G",
    "locations": {
      "SA": { "price": 3.5, "discountRate": 50, "promo": "", "orgPrice": 7 },
      "QLD": { "price": 3.5, "discountRate": 50, "promo": "", "orgPrice": 7 },
      "NSW": { "price": 3.5, "discountRate": 50, "promo": "", "orgPrice": 7 },
      "WA": { "price": 3.5, "discountRate": 50, "promo": "", "orgPrice": 7 },
      "TAS": { "price": 3.5, "discountRate": 50, "promo": "", "orgPrice": 7 },
      "ACT": { "price": 3.5, "discountRate": 50, "promo": "", "orgPrice": 7 },
      "NT": { "price": 3.78, "discountRate": 50, "promo": "", "orgPrice": 7.56 }
    },
    "categoryIds": ["c-frozen"],
    "similarProducts": []
  },
  {
    "id": "morningsstar-farms-garden-veggie-burgers",
    "name": "Garden Veggie Burgers",
    "brand": "Morningstar Farms",
    "imageUrls": [
      "https://shop.coles.com.au/wcsstore/Coles-CAS/images/3/7/3/3734791.jpg"
    ],
    "storeId": "coles",
    "packageSize": "268g",
    "cupPrice": "$1.31 per 100G",
    "locations": {
      "SA": { "price": 3.5, "discountRate": 50, "promo": "", "orgPrice": 7 },
      "QLD": { "price": 3.5, "discountRate": 50, "promo": "", "orgPrice": 7 },
      "NSW": { "price": 3.5, "discountRate": 50, "promo": "", "orgPrice": 7 },
      "WA": { "price": 3.5, "discountRate": 50, "promo": "", "orgPrice": 7 },
      "TAS": { "price": 3.5, "discountRate": 50, "promo": "", "orgPrice": 7 },
      "ACT": { "price": 3.5, "discountRate": 50, "promo": "", "orgPrice": 7 },
      "NT": { "price": 3.78, "discountRate": 50, "promo": "", "orgPrice": 7.56 }
    },
    "categoryIds": ["c-frozen"],
    "similarProducts": []
  },
  {
    "id": "bulla-cc-sandwich-choc-caramel-peanut",
    "name": "Creamy Classics Choc Caramel Peanut Ice Cream Sandwich 4 pack",
    "brand": "Bulla",
    "imageUrls": [
      "https://shop.coles.com.au/wcsstore/Coles-CAS/images/3/5/4/3545165.jpg"
    ],
    "storeId": "coles",
    "packageSize": "600mL",
    "cupPrice": "$0.71 per 100mL",
    "locations": {
      "SA": { "price": 4.25, "discountRate": 50, "promo": "", "orgPrice": 8.5 },
      "WA": { "price": 4.25, "discountRate": 50, "promo": "", "orgPrice": 8.5 }
    },
    "categoryIds": ["c-frozen"],
    "similarProducts": []
  },
  {
    "id": "connoisseur-australian-pint-flav-macadamia-lime",
    "name": "Macadamia & Spiced Lime With Lemon Myrtle Gourmet Ice Cream Tub",
    "brand": "Connoisseur",
    "imageUrls": [
      "https://shop.coles.com.au/wcsstore/Coles-CAS/images/3/5/4/3544468.jpg"
    ],
    "storeId": "coles",
    "packageSize": "470mL",
    "cupPrice": "$1.06 per 100mL",
    "locations": {
      "SA": { "price": 5, "discountRate": 50, "promo": "", "orgPrice": 10 },
      "QLD": { "price": 5, "discountRate": 50, "promo": "", "orgPrice": 10 },
      "NSW": { "price": 5, "discountRate": 50, "promo": "", "orgPrice": 10 },
      "WA": { "price": 5, "discountRate": 50, "promo": "", "orgPrice": 10 },
      "TAS": { "price": 5, "discountRate": 50, "promo": "", "orgPrice": 10 },
      "ACT": { "price": 5, "discountRate": 50, "promo": "", "orgPrice": 10 },
      "NT": { "price": 5, "discountRate": 54, "promo": "", "orgPrice": 10.8 }
    },
    "categoryIds": ["c-frozen"],
    "similarProducts": []
  },
  {
    "id": "connoisseur-australian-pint-flav-davidson-plum",
    "name": "Davidson Plum & Cocoa With Caramelised Pear Gourmet Ice Cream Tub",
    "brand": "Connoisseur",
    "imageUrls": [
      "https://shop.coles.com.au/wcsstore/Coles-CAS/images/3/5/4/3544479.jpg"
    ],
    "storeId": "coles",
    "packageSize": "470mL",
    "cupPrice": "$1.06 per 100mL",
    "locations": {
      "SA": { "price": 5, "discountRate": 50, "promo": "", "orgPrice": 10 },
      "QLD": { "price": 5, "discountRate": 50, "promo": "", "orgPrice": 10 },
      "WA": { "price": 5, "discountRate": 50, "promo": "", "orgPrice": 10 },
      "TAS": { "price": 5, "discountRate": 50, "promo": "", "orgPrice": 10 },
      "ACT": { "price": 5, "discountRate": 50, "promo": "", "orgPrice": 10 },
      "NT": { "price": 5, "discountRate": 54, "promo": "", "orgPrice": 10.8 }
    },
    "categoryIds": ["c-frozen"],
    "similarProducts": []
  },
  {
    "id": "sanpellegrino-sparkling-organice-ice-tea-peach",
    "name": "Sparkling Organic Peach Ice Tea Cans 250mL",
    "brand": "Sanpellegrino",
    "imageUrls": [
      "https://shop.coles.com.au/wcsstore/Coles-CAS/images/3/2/9/3290891.jpg"
    ],
    "storeId": "coles",
    "packageSize": "6 pack",
    "cupPrice": "$1.41 per 1L",
    "locations": {
      "SA": { "price": 2.12, "discountRate": 75, "promo": "", "orgPrice": 8.5 },
      "ACT": { "price": 2.35, "discountRate": 75, "promo": "", "orgPrice": 9.4 }
    },
    "categoryIds": ["c-drinks"],
    "similarProducts": []
  },
  {
    "id": "sanpellegrino-sparkling-organice-ice-tea-lemon",
    "name": "Sparkling Organic Lemon Ice Tea Cans 250mL",
    "brand": "Sanpellegrino",
    "imageUrls": [
      "https://shop.coles.com.au/wcsstore/Coles-CAS/images/3/2/9/3290880.jpg"
    ],
    "storeId": "coles",
    "packageSize": "6 pack",
    "cupPrice": "$1.41 per 1L",
    "locations": {
      "SA": { "price": 2.12, "discountRate": 75, "promo": "", "orgPrice": 8.5 },
      "ACT": { "price": 2.35, "discountRate": 75, "promo": "", "orgPrice": 9.4 }
    },
    "categoryIds": ["c-drinks"],
    "similarProducts": []
  },
  {
    "id": "queens-diamond-dates",
    "name": "Pitted Dates",
    "brand": "Queen's Diamond",
    "imageUrls": [
      "https://shop.coles.com.au/wcsstore/Coles-CAS/images/2/7/9/2797683.jpg"
    ],
    "storeId": "coles",
    "packageSize": "250g",
    "cupPrice": "$0.44 per 100G",
    "locations": {
      "SA": { "price": 1.1, "discountRate": 50, "promo": "", "orgPrice": 2.2 },
      "QLD": { "price": 1.1, "discountRate": 50, "promo": "", "orgPrice": 2.2 },
      "NSW": { "price": 1.1, "discountRate": 50, "promo": "", "orgPrice": 2.2 },
      "NT": { "price": 1.1, "discountRate": 52, "promo": "", "orgPrice": 2.31 }
    },
    "categoryIds": ["c-international-foods"],
    "similarProducts": []
  },
  {
    "id": "baci-assorted-bijou",
    "name": "Assorted Chocolate Truffle With Hazelnuts",
    "brand": "Baci",
    "imageUrls": [
      "https://shop.coles.com.au/wcsstore/Coles-CAS/images/3/6/6/3665994.jpg"
    ],
    "storeId": "coles",
    "packageSize": "175g",
    "cupPrice": "$2.66 per 100G",
    "locations": {
      "SA": { "price": 4.65, "discountRate": 50, "promo": "", "orgPrice": 9.3 },
      "NSW": {
        "price": 4.65,
        "discountRate": 50,
        "promo": "",
        "orgPrice": 9.3
      },
      "TAS": {
        "price": 4.65,
        "discountRate": 50,
        "promo": "",
        "orgPrice": 9.3
      },
      "NT": { "price": 4.88, "discountRate": 50, "promo": "", "orgPrice": 9.77 }
    },
    "categoryIds": ["c-international-foods"],
    "similarProducts": []
  },
  {
    "id": "loacker-wafers-hazelnut",
    "name": "Napolitaner Hazelnut Cream Wafers",
    "brand": "Loacker",
    "imageUrls": [
      "https://shop.coles.com.au/wcsstore/Coles-CAS/images/5/0/1/5019731.jpg"
    ],
    "storeId": "coles",
    "packageSize": "175g",
    "cupPrice": "$0.63 per 100G",
    "locations": {
      "SA": { "price": 1.1, "discountRate": 59, "promo": "", "orgPrice": 2.7 },
      "NT": { "price": 1.1, "discountRate": 61, "promo": "", "orgPrice": 2.84 }
    },
    "categoryIds": ["c-international-foods"],
    "similarProducts": []
  },
  {
    "id": "swisse-kids-rest-restore-60-tablets",
    "name": "Kids Rest & Restore Chewable Tablets",
    "brand": "Swisse",
    "imageUrls": [
      "https://shop.coles.com.au/wcsstore/Coles-CAS/images/3/6/2/3626336.jpg"
    ],
    "storeId": "coles",
    "packageSize": "60 pack",
    "cupPrice": "$0.21 per 1Ea",
    "locations": {
      "SA": { "price": 12.5, "discountRate": 50, "promo": "", "orgPrice": 25 },
      "QLD": { "price": 12.5, "discountRate": 50, "promo": "", "orgPrice": 25 },
      "NSW": { "price": 12.5, "discountRate": 50, "promo": "", "orgPrice": 25 },
      "WA": { "price": 12.5, "discountRate": 50, "promo": "", "orgPrice": 25 },
      "TAS": { "price": 12.5, "discountRate": 50, "promo": "", "orgPrice": 25 },
      "ACT": { "price": 12.5, "discountRate": 50, "promo": "", "orgPrice": 25 },
      "NT": {
        "price": 13.12,
        "discountRate": 50,
        "promo": "",
        "orgPrice": 26.25
      }
    },
    "categoryIds": ["c-healthy-living", "c-health-beauty"],
    "similarProducts": []
  },
  {
    "id": "centrum-multivitamin-womens-50-60-pack",
    "name": "Multivitamin & Minerals Dietary Supplement For Women 50+  60 Tablets",
    "brand": "Centrum",
    "imageUrls": [
      "https://shop.coles.com.au/wcsstore/Coles-CAS/images/1/7/7/1770660.jpg"
    ],
    "storeId": "coles",
    "packageSize": "1 Pack",
    "cupPrice": "$16.67 per 100Ea",
    "locations": {
      "SA": { "price": 10, "discountRate": 50, "promo": "", "orgPrice": 20 },
      "QLD": { "price": 10, "discountRate": 50, "promo": "", "orgPrice": 20 },
      "NSW": { "price": 10, "discountRate": 50, "promo": "", "orgPrice": 20 },
      "WA": { "price": 10, "discountRate": 50, "promo": "", "orgPrice": 20 },
      "TAS": { "price": 10, "discountRate": 50, "promo": "", "orgPrice": 20 },
      "ACT": { "price": 10, "discountRate": 50, "promo": "", "orgPrice": 20 },
      "NT": { "price": 10.5, "discountRate": 50, "promo": "", "orgPrice": 21 }
    },
    "categoryIds": ["c-healthy-living", "c-health-beauty"],
    "similarProducts": []
  },
  {
    "id": "swisse-kids-multi-60-tablets",
    "name": "Natural Strawberry Flavour Kids Multi Chewable Tablets",
    "brand": "Swisse",
    "imageUrls": [
      "https://shop.coles.com.au/wcsstore/Coles-CAS/images/3/6/2/3626303.jpg"
    ],
    "storeId": "coles",
    "packageSize": "60 pack",
    "cupPrice": "$0.21 per 1Ea",
    "locations": {
      "SA": { "price": 12.5, "discountRate": 50, "promo": "", "orgPrice": 25 },
      "QLD": { "price": 12.5, "discountRate": 50, "promo": "", "orgPrice": 25 },
      "NSW": { "price": 12.5, "discountRate": 50, "promo": "", "orgPrice": 25 },
      "WA": { "price": 12.5, "discountRate": 50, "promo": "", "orgPrice": 25 },
      "TAS": { "price": 12.5, "discountRate": 50, "promo": "", "orgPrice": 25 },
      "ACT": { "price": 12.5, "discountRate": 50, "promo": "", "orgPrice": 25 },
      "NT": {
        "price": 13.12,
        "discountRate": 50,
        "promo": "",
        "orgPrice": 26.25
      }
    },
    "categoryIds": ["c-healthy-living", "c-health-beauty"],
    "similarProducts": []
  },
  {
    "id": "swisse-ulv-mens-multivitamin-superfod",
    "name": "Ultivite Natural Berry Flavour Men's Multivitamin + Superfood Blend",
    "brand": "Swisse",
    "imageUrls": [
      "https://shop.coles.com.au/wcsstore/Coles-CAS/images/3/6/2/3626278.jpg"
    ],
    "storeId": "coles",
    "packageSize": "7 pack",
    "cupPrice": "$1.43 per 1Ea",
    "locations": {
      "SA": { "price": 10, "discountRate": 50, "promo": "", "orgPrice": 20 },
      "QLD": { "price": 10, "discountRate": 50, "promo": "", "orgPrice": 20 },
      "NSW": { "price": 10, "discountRate": 50, "promo": "", "orgPrice": 20 },
      "WA": { "price": 10, "discountRate": 50, "promo": "", "orgPrice": 20 },
      "TAS": { "price": 10, "discountRate": 50, "promo": "", "orgPrice": 20 },
      "ACT": { "price": 10, "discountRate": 50, "promo": "", "orgPrice": 20 },
      "NT": { "price": 10.5, "discountRate": 50, "promo": "", "orgPrice": 21 }
    },
    "categoryIds": ["c-healthy-living", "c-health-beauty"],
    "similarProducts": []
  },
  {
    "id": "caltrate-vitamin-d-1000iu-liqud-capsules",
    "name": "1000IU Vitamin D3 180 Liquid Capsules",
    "brand": "Caltrate",
    "imageUrls": [
      "https://shop.coles.com.au/wcsstore/Coles-CAS/images/2/8/9/2898895.jpg"
    ],
    "storeId": "coles",
    "packageSize": "1 Pack",
    "cupPrice": "$4.44 per 100Ea",
    "locations": {
      "SA": { "price": 8, "discountRate": 50, "promo": "", "orgPrice": 16 },
      "QLD": { "price": 8, "discountRate": 50, "promo": "", "orgPrice": 16 },
      "NSW": { "price": 8, "discountRate": 50, "promo": "", "orgPrice": 16 },
      "WA": { "price": 8, "discountRate": 50, "promo": "", "orgPrice": 16 },
      "TAS": { "price": 8, "discountRate": 50, "promo": "", "orgPrice": 16 },
      "ACT": { "price": 8, "discountRate": 50, "promo": "", "orgPrice": 16 },
      "NT": { "price": 8.4, "discountRate": 50, "promo": "", "orgPrice": 16.8 }
    },
    "categoryIds": ["c-healthy-living", "c-health-beauty"],
    "similarProducts": []
  },
  {
    "id": "centrum-multivitiamin-50-60-pack",
    "name": "Multivitamin Tablets For Men 50+",
    "brand": "Centrum",
    "imageUrls": [
      "https://shop.coles.com.au/wcsstore/Coles-CAS/images/1/7/7/1770626.jpg"
    ],
    "storeId": "coles",
    "packageSize": "",
    "cupPrice": "$16.67 per 100Ea",
    "locations": {
      "SA": { "price": 10, "discountRate": 50, "promo": "", "orgPrice": 20 },
      "QLD": { "price": 10, "discountRate": 50, "promo": "", "orgPrice": 20 },
      "NSW": { "price": 10, "discountRate": 50, "promo": "", "orgPrice": 20 },
      "WA": { "price": 10, "discountRate": 50, "promo": "", "orgPrice": 20 },
      "TAS": { "price": 10, "discountRate": 50, "promo": "", "orgPrice": 20 },
      "ACT": { "price": 10, "discountRate": 50, "promo": "", "orgPrice": 20 },
      "NT": { "price": 10.5, "discountRate": 50, "promo": "", "orgPrice": 21 }
    },
    "categoryIds": ["c-healthy-living", "c-health-beauty"],
    "similarProducts": []
  },
  {
    "id": "swisse-beauty-collagen-glow-peptides-grapeseed",
    "name": "Beauty Collagen Glow With Collagen Peptides Tablets",
    "brand": "Swisse",
    "imageUrls": [
      "https://shop.coles.com.au/wcsstore/Coles-CAS/images/3/6/2/3626290.jpg"
    ],
    "storeId": "coles",
    "packageSize": "60 Pack",
    "cupPrice": "$0.29 per 1Ea",
    "locations": {
      "SA": { "price": 17.5, "discountRate": 50, "promo": "", "orgPrice": 35 },
      "QLD": { "price": 17.5, "discountRate": 50, "promo": "", "orgPrice": 35 },
      "NSW": { "price": 17.5, "discountRate": 50, "promo": "", "orgPrice": 35 },
      "WA": { "price": 17.5, "discountRate": 50, "promo": "", "orgPrice": 35 },
      "TAS": { "price": 17.5, "discountRate": 50, "promo": "", "orgPrice": 35 },
      "ACT": { "price": 17.5, "discountRate": 50, "promo": "", "orgPrice": 35 },
      "NT": {
        "price": 18.37,
        "discountRate": 50,
        "promo": "",
        "orgPrice": 36.75
      }
    },
    "categoryIds": ["c-healthy-living", "c-health-beauty"],
    "similarProducts": []
  },
  {
    "id": "swisse-hemp-sed-oil-tumeric-capsules",
    "name": "Hemp Seed Oil + Tumeric",
    "brand": "Swisse",
    "imageUrls": [
      "https://shop.coles.com.au/wcsstore/Coles-CAS/images/3/7/5/3758370.jpg"
    ],
    "storeId": "coles",
    "packageSize": "60 PACK",
    "cupPrice": "",
    "locations": {
      "SA": { "price": 12.5, "discountRate": 50, "promo": "", "orgPrice": 25 },
      "QLD": { "price": 12.5, "discountRate": 50, "promo": "", "orgPrice": 25 },
      "NSW": { "price": 12.5, "discountRate": 50, "promo": "", "orgPrice": 25 },
      "WA": { "price": 12.5, "discountRate": 50, "promo": "", "orgPrice": 25 },
      "TAS": { "price": 12.5, "discountRate": 50, "promo": "", "orgPrice": 25 },
      "ACT": { "price": 12.5, "discountRate": 50, "promo": "", "orgPrice": 25 },
      "NT": {
        "price": 13.12,
        "discountRate": 50,
        "promo": "",
        "orgPrice": 26.25
      }
    },
    "categoryIds": ["c-healthy-living", "c-health-beauty"],
    "similarProducts": []
  },
  {
    "id": "swisse-hemp-sed-oil-gren-tea-capsules",
    "name": "Hemp Seed Oil Capsules",
    "brand": "Swisse",
    "imageUrls": [
      "https://shop.coles.com.au/wcsstore/Coles-CAS/images/3/7/5/3758392.jpg"
    ],
    "storeId": "coles",
    "packageSize": "60 PACK",
    "cupPrice": "",
    "locations": {
      "SA": { "price": 12.5, "discountRate": 50, "promo": "", "orgPrice": 25 },
      "QLD": { "price": 12.5, "discountRate": 50, "promo": "", "orgPrice": 25 },
      "NSW": { "price": 12.5, "discountRate": 50, "promo": "", "orgPrice": 25 },
      "WA": { "price": 12.5, "discountRate": 50, "promo": "", "orgPrice": 25 },
      "TAS": { "price": 12.5, "discountRate": 50, "promo": "", "orgPrice": 25 },
      "ACT": { "price": 12.5, "discountRate": 50, "promo": "", "orgPrice": 25 },
      "NT": {
        "price": 13.12,
        "discountRate": 50,
        "promo": "",
        "orgPrice": 26.25
      }
    },
    "categoryIds": ["c-healthy-living", "c-health-beauty"],
    "similarProducts": []
  },
  {
    "id": "swisse-hemp-sed-oil-mct-capsules",
    "name": "Hemp Seed Oil + Mct Capsules",
    "brand": "Swisse",
    "imageUrls": [
      "https://shop.coles.com.au/wcsstore/Coles-CAS/images/3/7/5/3758381.jpg"
    ],
    "storeId": "coles",
    "packageSize": "60 PACK",
    "cupPrice": "",
    "locations": {
      "SA": { "price": 12.5, "discountRate": 50, "promo": "", "orgPrice": 25 },
      "QLD": { "price": 12.5, "discountRate": 50, "promo": "", "orgPrice": 25 },
      "NSW": { "price": 12.5, "discountRate": 50, "promo": "", "orgPrice": 25 },
      "WA": { "price": 12.5, "discountRate": 50, "promo": "", "orgPrice": 25 },
      "TAS": { "price": 12.5, "discountRate": 50, "promo": "", "orgPrice": 25 },
      "ACT": { "price": 12.5, "discountRate": 50, "promo": "", "orgPrice": 25 },
      "NT": {
        "price": 13.12,
        "discountRate": 50,
        "promo": "",
        "orgPrice": 26.25
      }
    },
    "categoryIds": ["c-healthy-living", "c-health-beauty"],
    "similarProducts": []
  },
  {
    "id": "sistema-ultra-container-700ml",
    "name": "Ultra Clear Tritan Container 700mL",
    "brand": "Sistema",
    "imageUrls": [
      "https://shop.coles.com.au/wcsstore/Coles-CAS/images/3/6/3/3633138.jpg"
    ],
    "storeId": "coles",
    "packageSize": "",
    "cupPrice": "$4.00 per 1Ea",
    "locations": {
      "SA": { "price": 4, "discountRate": 50, "promo": "", "orgPrice": 8 },
      "QLD": { "price": 4, "discountRate": 50, "promo": "", "orgPrice": 8 },
      "NSW": { "price": 4, "discountRate": 50, "promo": "", "orgPrice": 8 },
      "TAS": { "price": 4, "discountRate": 50, "promo": "", "orgPrice": 8 },
      "ACT": { "price": 4, "discountRate": 50, "promo": "", "orgPrice": 8 },
      "NT": { "price": 4, "discountRate": 50, "promo": "", "orgPrice": 8 }
    },
    "categoryIds": ["c-household"],
    "similarProducts": []
  },
  {
    "id": "sistema-ultra-container-460ml",
    "name": "Ultra Clear Tritan Container 460mL",
    "brand": "Sistema",
    "imageUrls": [
      "https://shop.coles.com.au/wcsstore/Coles-CAS/images/3/6/3/3633105.jpg"
    ],
    "storeId": "coles",
    "packageSize": "",
    "cupPrice": "$3.00 per 1Ea",
    "locations": {
      "SA": { "price": 3, "discountRate": 50, "promo": "", "orgPrice": 6 },
      "QLD": { "price": 3, "discountRate": 50, "promo": "", "orgPrice": 6 },
      "NSW": { "price": 3, "discountRate": 50, "promo": "", "orgPrice": 6 },
      "TAS": { "price": 3, "discountRate": 50, "promo": "", "orgPrice": 6 },
      "ACT": { "price": 3, "discountRate": 50, "promo": "", "orgPrice": 6 },
      "NT": { "price": 3, "discountRate": 50, "promo": "", "orgPrice": 6 }
    },
    "categoryIds": ["c-household"],
    "similarProducts": []
  },
  {
    "id": "biozet--attack-front-top-loader-softener-laundry-powder",
    "name": "Attack + Softener Front & Top Loader Laundry Powder",
    "brand": "Biozet",
    "imageUrls": [
      "https://shop.coles.com.au/wcsstore/Coles-CAS/images/2/8/9/2896583.jpg"
    ],
    "storeId": "coles",
    "packageSize": "2kg",
    "cupPrice": "$5.50 per 1Kg",
    "locations": {
      "SA": { "price": 11, "discountRate": 50, "promo": "", "orgPrice": 22 },
      "QLD": { "price": 11, "discountRate": 50, "promo": "", "orgPrice": 22 },
      "NSW": { "price": 11, "discountRate": 50, "promo": "", "orgPrice": 22 },
      "WA": { "price": 11, "discountRate": 50, "promo": "", "orgPrice": 22 },
      "TAS": { "price": 11, "discountRate": 50, "promo": "", "orgPrice": 22 },
      "ACT": { "price": 11, "discountRate": 50, "promo": "", "orgPrice": 22 },
      "NT": {
        "price": 11.55,
        "discountRate": 50,
        "promo": "",
        "orgPrice": 23.1
      }
    },
    "categoryIds": ["c-household"],
    "similarProducts": []
  },
  {
    "id": "smash-bts-fashion-tritan-750ml",
    "name": "Tritan Drink Bottle",
    "brand": "Smash",
    "imageUrls": [
      "https://shop.coles.com.au/wcsstore/Coles-CAS/images/2/8/1/2818025.jpg"
    ],
    "storeId": "coles",
    "packageSize": "",
    "cupPrice": "$3.50 per 1Ea",
    "locations": {
      "SA": { "price": 3.5, "discountRate": 50, "promo": "", "orgPrice": 7 },
      "QLD": { "price": 3.5, "discountRate": 50, "promo": "", "orgPrice": 7 },
      "NSW": { "price": 3.5, "discountRate": 50, "promo": "", "orgPrice": 7 },
      "WA": { "price": 3.5, "discountRate": 50, "promo": "", "orgPrice": 7 },
      "TAS": { "price": 3.5, "discountRate": 50, "promo": "", "orgPrice": 7 },
      "ACT": { "price": 3.5, "discountRate": 50, "promo": "", "orgPrice": 7 },
      "NT": { "price": 3.5, "discountRate": 50, "promo": "", "orgPrice": 7 }
    },
    "categoryIds": ["c-household"],
    "similarProducts": []
  },
  {
    "id": "bonds-ladies-socks-footlets-tan-size-8-11",
    "name": "No Show Footlets Tan size 8-11",
    "brand": "Bonds",
    "imageUrls": [
      "https://shop.coles.com.au/wcsstore/Coles-CAS/images/5/6/9/5696922.jpg"
    ],
    "storeId": "coles",
    "packageSize": "1 pack",
    "cupPrice": "",
    "locations": {
      "SA": { "price": 2, "discountRate": 50, "promo": "", "orgPrice": 4 },
      "QLD": { "price": 2, "discountRate": 50, "promo": "", "orgPrice": 4 },
      "NSW": { "price": 2, "discountRate": 50, "promo": "", "orgPrice": 4 },
      "WA": { "price": 2, "discountRate": 50, "promo": "", "orgPrice": 4 },
      "TAS": { "price": 2, "discountRate": 50, "promo": "", "orgPrice": 4 },
      "ACT": { "price": 2, "discountRate": 50, "promo": "", "orgPrice": 4 },
      "NT": { "price": 2, "discountRate": 50, "promo": "", "orgPrice": 4 }
    },
    "categoryIds": ["c-household"],
    "similarProducts": []
  },
  {
    "id": "bonds-skinny-legging-mix-colour-talls-x-tall",
    "name": "Skinny Legging Assorted Colours Tall/XTall",
    "brand": "Bonds",
    "imageUrls": [
      "https://shop.coles.com.au/wcsstore/Coles-CAS/images/1/7/2/1721926.jpg"
    ],
    "storeId": "coles",
    "packageSize": "1 pack",
    "cupPrice": "",
    "locations": {
      "SA": { "price": 10, "discountRate": 50, "promo": "", "orgPrice": 20 },
      "QLD": { "price": 10, "discountRate": 50, "promo": "", "orgPrice": 20 },
      "NSW": { "price": 10, "discountRate": 50, "promo": "", "orgPrice": 20 },
      "WA": { "price": 10, "discountRate": 50, "promo": "", "orgPrice": 20 },
      "TAS": { "price": 10, "discountRate": 50, "promo": "", "orgPrice": 20 },
      "ACT": { "price": 10, "discountRate": 50, "promo": "", "orgPrice": 20 },
      "NT": { "price": 10, "discountRate": 50, "promo": "", "orgPrice": 20 }
    },
    "categoryIds": ["c-household"],
    "similarProducts": []
  },
  {
    "id": "bonds-mens-guyfront-trunk-mzvjs-size-xl",
    "name": "Men's Guyfront Trunk Size XL",
    "brand": "Bonds",
    "imageUrls": [
      "https://shop.coles.com.au/wcsstore/Coles-CAS/images/3/7/6/3764817.jpg"
    ],
    "storeId": "coles",
    "packageSize": "1 pack",
    "cupPrice": "$11.00 per 1Ea",
    "locations": {
      "SA": { "price": 11, "discountRate": 50, "promo": "", "orgPrice": 22 },
      "QLD": { "price": 11, "discountRate": 50, "promo": "", "orgPrice": 22 },
      "NSW": { "price": 11, "discountRate": 50, "promo": "", "orgPrice": 22 },
      "WA": { "price": 11, "discountRate": 50, "promo": "", "orgPrice": 22 },
      "TAS": { "price": 11, "discountRate": 50, "promo": "", "orgPrice": 22 },
      "ACT": { "price": 11, "discountRate": 50, "promo": "", "orgPrice": 22 },
      "NT": { "price": 11, "discountRate": 50, "promo": "", "orgPrice": 22 }
    },
    "categoryIds": ["c-household"],
    "similarProducts": []
  },
  {
    "id": "explorer-socks-mens-short-black-size-6-11",
    "name": "Mens Original Wool Crew Black Size 6-10",
    "brand": "Explorer",
    "imageUrls": [
      "https://shop.coles.com.au/wcsstore/Coles-CAS/images/5/2/9/5291705.jpg"
    ],
    "storeId": "coles",
    "packageSize": "1 pack",
    "cupPrice": "$7.00 per 1Ea",
    "locations": {
      "SA": { "price": 7, "discountRate": 50, "promo": "", "orgPrice": 14 },
      "QLD": { "price": 7, "discountRate": 50, "promo": "", "orgPrice": 14 },
      "NSW": { "price": 7, "discountRate": 50, "promo": "", "orgPrice": 14 },
      "WA": { "price": 7, "discountRate": 50, "promo": "", "orgPrice": 14 },
      "TAS": { "price": 7, "discountRate": 50, "promo": "", "orgPrice": 14 },
      "ACT": { "price": 7, "discountRate": 50, "promo": "", "orgPrice": 14 },
      "NT": { "price": 7, "discountRate": 50, "promo": "", "orgPrice": 14 }
    },
    "categoryIds": ["c-household"],
    "similarProducts": []
  },
  {
    "id": "smash-chugger-with-infuser-750ml",
    "name": "Tritan Bottle With Removable Infuser",
    "brand": "Smash",
    "imageUrls": [
      "https://shop.coles.com.au/wcsstore/Coles-CAS/images/3/3/8/3380531.jpg"
    ],
    "storeId": "coles",
    "packageSize": "",
    "cupPrice": "$6.00 per 1Ea",
    "locations": {
      "SA": { "price": 6, "discountRate": 50, "promo": "", "orgPrice": 12 },
      "QLD": { "price": 6, "discountRate": 50, "promo": "", "orgPrice": 12 },
      "NSW": { "price": 6, "discountRate": 50, "promo": "", "orgPrice": 12 },
      "WA": { "price": 6, "discountRate": 50, "promo": "", "orgPrice": 12 },
      "TAS": { "price": 6, "discountRate": 50, "promo": "", "orgPrice": 12 },
      "ACT": { "price": 6, "discountRate": 50, "promo": "", "orgPrice": 12 },
      "NT": { "price": 6, "discountRate": 50, "promo": "", "orgPrice": 12 }
    },
    "categoryIds": ["c-household"],
    "similarProducts": []
  },
  {
    "id": "smash-leak-prof-snack-tubes",
    "name": "Leak Proof Snack Tubes",
    "brand": "Smash",
    "imageUrls": [
      "https://shop.coles.com.au/wcsstore/Coles-CAS/images/3/6/4/3649273.jpg"
    ],
    "storeId": "coles",
    "packageSize": "3 pack",
    "cupPrice": "$1.17 per 1Ea",
    "locations": {
      "SA": { "price": 3.5, "discountRate": 50, "promo": "", "orgPrice": 7 },
      "QLD": { "price": 3.5, "discountRate": 50, "promo": "", "orgPrice": 7 },
      "NSW": { "price": 3.5, "discountRate": 50, "promo": "", "orgPrice": 7 },
      "TAS": { "price": 3.5, "discountRate": 50, "promo": "", "orgPrice": 7 },
      "ACT": { "price": 3.5, "discountRate": 50, "promo": "", "orgPrice": 7 }
    },
    "categoryIds": ["c-household"],
    "similarProducts": []
  },
  {
    "id": "bonds-mens-briefs-hipster-medium-9093168p",
    "name": "Mens Hipster Briefs Medium",
    "brand": "Bonds",
    "imageUrls": [
      "https://shop.coles.com.au/wcsstore/Coles-CAS/images/9/0/9/9093168.jpg"
    ],
    "storeId": "coles",
    "packageSize": "4 pack",
    "cupPrice": "$12.50 per 4Ea",
    "locations": {
      "SA": { "price": 12.5, "discountRate": 50, "promo": "", "orgPrice": 25 },
      "QLD": { "price": 12.5, "discountRate": 43, "promo": "", "orgPrice": 22 },
      "NSW": {
        "price": 12.5,
        "discountRate": 42,
        "promo": "",
        "orgPrice": 21.7
      },
      "WA": { "price": 12.5, "discountRate": 50, "promo": "", "orgPrice": 25 },
      "TAS": { "price": 12.5, "discountRate": 43, "promo": "", "orgPrice": 22 },
      "ACT": {
        "price": 12.5,
        "discountRate": 42,
        "promo": "",
        "orgPrice": 21.7
      },
      "NT": { "price": 12.5, "discountRate": 50, "promo": "", "orgPrice": 25 }
    },
    "categoryIds": ["c-household"],
    "similarProducts": []
  },
  {
    "id": "bonds-opaque-tight-70-denier-black-talls-x-tall",
    "name": "Comfy Tops Opaque Tights 70 Denier Black Tall/XTall",
    "brand": "Bonds",
    "imageUrls": [
      "https://shop.coles.com.au/wcsstore/Coles-CAS/images/1/7/2/1721890.jpg"
    ],
    "storeId": "coles",
    "packageSize": "1 pack",
    "cupPrice": "",
    "locations": {
      "SA": { "price": 6, "discountRate": 50, "promo": "", "orgPrice": 12 },
      "QLD": { "price": 6, "discountRate": 50, "promo": "", "orgPrice": 12 },
      "NSW": { "price": 6, "discountRate": 50, "promo": "", "orgPrice": 12 },
      "WA": { "price": 6, "discountRate": 50, "promo": "", "orgPrice": 12 },
      "TAS": { "price": 6, "discountRate": 50, "promo": "", "orgPrice": 12 },
      "ACT": { "price": 6, "discountRate": 50, "promo": "", "orgPrice": 12 },
      "NT": { "price": 6, "discountRate": 50, "promo": "", "orgPrice": 12 }
    },
    "categoryIds": ["c-household"],
    "similarProducts": []
  },
  {
    "id": "razzamatazz-tights-opaque-40-denier-black-tall-extra-tall",
    "name": "Elastane Opaque Tights Black 40 Denier Talls-X Tall",
    "brand": "Razzamatazz",
    "imageUrls": [
      "https://shop.coles.com.au/wcsstore/Coles-CAS/images/5/9/6/5960259.jpg"
    ],
    "storeId": "coles",
    "packageSize": "1 pack",
    "cupPrice": "",
    "locations": {
      "SA": { "price": 3.75, "discountRate": 50, "promo": "", "orgPrice": 7.5 },
      "QLD": {
        "price": 3.75,
        "discountRate": 50,
        "promo": "",
        "orgPrice": 7.5
      },
      "NSW": {
        "price": 3.75,
        "discountRate": 50,
        "promo": "",
        "orgPrice": 7.5
      },
      "WA": { "price": 3.75, "discountRate": 50, "promo": "", "orgPrice": 7.5 },
      "TAS": {
        "price": 3.75,
        "discountRate": 50,
        "promo": "",
        "orgPrice": 7.5
      },
      "ACT": { "price": 3.75, "discountRate": 50, "promo": "", "orgPrice": 7.5 }
    },
    "categoryIds": ["c-household"],
    "similarProducts": []
  },
  {
    "id": "smash-glass-barista-buddy-340ml",
    "name": "Barista Buddy Glass 340mL",
    "brand": "Smash",
    "imageUrls": [
      "https://shop.coles.com.au/wcsstore/Coles-CAS/images/3/3/8/3380564.jpg"
    ],
    "storeId": "coles",
    "packageSize": "",
    "cupPrice": "$6.00 per 1Ea",
    "locations": {
      "SA": { "price": 6, "discountRate": 50, "promo": "", "orgPrice": 12 },
      "QLD": { "price": 6, "discountRate": 50, "promo": "", "orgPrice": 12 },
      "NSW": { "price": 6, "discountRate": 50, "promo": "", "orgPrice": 12 },
      "WA": { "price": 6, "discountRate": 50, "promo": "", "orgPrice": 12 },
      "TAS": { "price": 6, "discountRate": 50, "promo": "", "orgPrice": 12 },
      "ACT": { "price": 6, "discountRate": 50, "promo": "", "orgPrice": 12 },
      "NT": { "price": 6, "discountRate": 50, "promo": "", "orgPrice": 12 }
    },
    "categoryIds": ["c-household"],
    "similarProducts": []
  },
  {
    "id": "bonds-hosiery-footlets-cotton-rich-size-8-11",
    "name": "No Show Footlets Assorted Colours size 8+",
    "brand": "Bonds",
    "imageUrls": [
      "https://shop.coles.com.au/wcsstore/Coles-CAS/images/5/7/2/5723504.jpg"
    ],
    "storeId": "coles",
    "packageSize": "",
    "cupPrice": "$2.50 per 1ea",
    "locations": {
      "SA": { "price": 2.5, "discountRate": 50, "promo": "", "orgPrice": 5 },
      "QLD": { "price": 2.5, "discountRate": 50, "promo": "", "orgPrice": 5 },
      "NSW": { "price": 2.5, "discountRate": 50, "promo": "", "orgPrice": 5 },
      "WA": { "price": 2.5, "discountRate": 50, "promo": "", "orgPrice": 5 },
      "TAS": { "price": 2.5, "discountRate": 50, "promo": "", "orgPrice": 5 },
      "ACT": { "price": 2.5, "discountRate": 50, "promo": "", "orgPrice": 5 },
      "NT": { "price": 2.5, "discountRate": 50, "promo": "", "orgPrice": 5 }
    },
    "categoryIds": ["c-household"],
    "similarProducts": []
  },
  {
    "id": "bonds-ladies-socks-footlets-suntan-size-4-7-5696911p",
    "name": "Footlets Tan size 3-8",
    "brand": "Bonds",
    "imageUrls": [
      "https://shop.coles.com.au/wcsstore/Coles-CAS/images/5/6/9/5696911.jpg"
    ],
    "storeId": "coles",
    "packageSize": "1 pack",
    "cupPrice": "$2.00 per 1ea",
    "locations": {
      "SA": { "price": 2, "discountRate": 50, "promo": "", "orgPrice": 4 },
      "QLD": { "price": 2, "discountRate": 50, "promo": "", "orgPrice": 4 },
      "NSW": { "price": 2, "discountRate": 50, "promo": "", "orgPrice": 4 },
      "WA": { "price": 2, "discountRate": 50, "promo": "", "orgPrice": 4 },
      "TAS": { "price": 2, "discountRate": 50, "promo": "", "orgPrice": 4 },
      "ACT": { "price": 2, "discountRate": 50, "promo": "", "orgPrice": 4 }
    },
    "categoryIds": ["c-household"],
    "similarProducts": []
  },
  {
    "id": "comfort-fabric-cndtnr-rainforst-fresh",
    "name": "Rainforest Fresh Fabric Conditioner",
    "brand": "Comfort",
    "imageUrls": [
      "https://shop.coles.com.au/wcsstore/Coles-CAS/images/3/2/1/3214554.jpg"
    ],
    "storeId": "coles",
    "packageSize": "750mL",
    "cupPrice": "$4.67 per 1L",
    "locations": {
      "SA": { "price": 3.5, "discountRate": 50, "promo": "", "orgPrice": 7 },
      "QLD": { "price": 3.5, "discountRate": 50, "promo": "", "orgPrice": 7 },
      "NSW": { "price": 3.5, "discountRate": 50, "promo": "", "orgPrice": 7 },
      "TAS": { "price": 3.5, "discountRate": 50, "promo": "", "orgPrice": 7 },
      "ACT": { "price": 3.5, "discountRate": 50, "promo": "", "orgPrice": 7 },
      "NT": { "price": 3.67, "discountRate": 50, "promo": "", "orgPrice": 7.35 }
    },
    "categoryIds": ["c-household"],
    "similarProducts": []
  },
  {
    "id": "sheer-relief-pantyhose-black-extra-tall",
    "name": "Sheer Relief Pantyhose Black X Tall",
    "brand": "Kolotex",
    "imageUrls": [
      "https://shop.coles.com.au/wcsstore/Coles-CAS/images/1/0/7/1078386.jpg"
    ],
    "storeId": "coles",
    "packageSize": "1 pack",
    "cupPrice": "$4.00 per 1ea",
    "locations": {
      "SA": { "price": 4, "discountRate": 50, "promo": "", "orgPrice": 8 },
      "QLD": { "price": 4, "discountRate": 50, "promo": "", "orgPrice": 8 },
      "NSW": { "price": 4, "discountRate": 50, "promo": "", "orgPrice": 8 },
      "WA": { "price": 4, "discountRate": 50, "promo": "", "orgPrice": 8 },
      "TAS": { "price": 4, "discountRate": 50, "promo": "", "orgPrice": 8 },
      "ACT": { "price": 4, "discountRate": 50, "promo": "", "orgPrice": 8 },
      "NT": { "price": 4, "discountRate": 50, "promo": "", "orgPrice": 8 }
    },
    "categoryIds": ["c-household"],
    "similarProducts": []
  },
  {
    "id": "razzamatazz-socks-sheer-nylon-15-denier-brazen",
    "name": "Value Anklet Socks Tan",
    "brand": "Razzamatazz",
    "imageUrls": [
      "https://shop.coles.com.au/wcsstore/Coles-CAS/images/8/9/6/8966728.jpg"
    ],
    "storeId": "coles",
    "packageSize": "2 pack",
    "cupPrice": "$1.50 per 1ea",
    "locations": {
      "SA": { "price": 1.5, "discountRate": 50, "promo": "", "orgPrice": 3 },
      "QLD": { "price": 1.5, "discountRate": 50, "promo": "", "orgPrice": 3 },
      "NSW": { "price": 1.5, "discountRate": 50, "promo": "", "orgPrice": 3 },
      "WA": { "price": 1.5, "discountRate": 50, "promo": "", "orgPrice": 3 },
      "TAS": { "price": 1.5, "discountRate": 50, "promo": "", "orgPrice": 3 },
      "ACT": { "price": 1.5, "discountRate": 50, "promo": "", "orgPrice": 3 },
      "NT": { "price": 1.5, "discountRate": 50, "promo": "", "orgPrice": 3 }
    },
    "categoryIds": ["c-household"],
    "similarProducts": []
  },
  {
    "id": "smash-switch-up-lunch-box-smash-switch-up-lunch-box",
    "name": "Switch Up Lunch Box",
    "brand": "Smash",
    "imageUrls": [
      "https://shop.coles.com.au/wcsstore/Coles-CAS/images/3/3/8/3380702.jpg"
    ],
    "storeId": "coles",
    "packageSize": "",
    "cupPrice": "$7.50 per 1Ea",
    "locations": {
      "SA": { "price": 7.5, "discountRate": 50, "promo": "", "orgPrice": 15 },
      "QLD": { "price": 7.5, "discountRate": 50, "promo": "", "orgPrice": 15 },
      "NSW": { "price": 7.5, "discountRate": 50, "promo": "", "orgPrice": 15 },
      "WA": { "price": 7.5, "discountRate": 50, "promo": "", "orgPrice": 15 },
      "TAS": { "price": 7.5, "discountRate": 50, "promo": "", "orgPrice": 15 },
      "ACT": { "price": 7.5, "discountRate": 50, "promo": "", "orgPrice": 15 },
      "NT": { "price": 7.5, "discountRate": 50, "promo": "", "orgPrice": 15 }
    },
    "categoryIds": ["c-household"],
    "similarProducts": []
  },
  {
    "id": "smash-leak-prof-snack-box",
    "name": "Leak Proof Snack Box",
    "brand": "Smash",
    "imageUrls": [
      "https://shop.coles.com.au/wcsstore/Coles-CAS/images/3/6/4/3649240.jpg"
    ],
    "storeId": "coles",
    "packageSize": "",
    "cupPrice": "$2.50 per 1Ea",
    "locations": {
      "SA": { "price": 2.5, "discountRate": 50, "promo": "", "orgPrice": 5 },
      "QLD": { "price": 2.5, "discountRate": 50, "promo": "", "orgPrice": 5 },
      "NSW": { "price": 2.5, "discountRate": 50, "promo": "", "orgPrice": 5 },
      "WA": { "price": 2.5, "discountRate": 50, "promo": "", "orgPrice": 5 },
      "TAS": { "price": 2.5, "discountRate": 50, "promo": "", "orgPrice": 5 },
      "ACT": { "price": 2.5, "discountRate": 50, "promo": "", "orgPrice": 5 },
      "NT": { "price": 2.5, "discountRate": 50, "promo": "", "orgPrice": 5 }
    },
    "categoryIds": ["c-household"],
    "similarProducts": []
  },
  {
    "id": "smash-leak-prof-sandwich-box",
    "name": "Leak Proof Sandwich Box",
    "brand": "Smash",
    "imageUrls": [
      "https://shop.coles.com.au/wcsstore/Coles-CAS/images/3/6/4/3649182.jpg"
    ],
    "storeId": "coles",
    "packageSize": "",
    "cupPrice": "$3.50 per 1Ea",
    "locations": {
      "SA": { "price": 3.5, "discountRate": 50, "promo": "", "orgPrice": 7 },
      "QLD": { "price": 3.5, "discountRate": 50, "promo": "", "orgPrice": 7 },
      "NSW": { "price": 3.5, "discountRate": 50, "promo": "", "orgPrice": 7 },
      "WA": { "price": 3.5, "discountRate": 50, "promo": "", "orgPrice": 7 },
      "TAS": { "price": 3.5, "discountRate": 50, "promo": "", "orgPrice": 7 },
      "ACT": { "price": 3.5, "discountRate": 50, "promo": "", "orgPrice": 7 },
      "NT": { "price": 3.5, "discountRate": 50, "promo": "", "orgPrice": 7 }
    },
    "categoryIds": ["c-household"],
    "similarProducts": []
  },
  {
    "id": "bonds-ladies-socks-footlet-black-size-4-11",
    "name": "No Show Footlets Black size 4-7",
    "brand": "Bonds",
    "imageUrls": [
      "https://shop.coles.com.au/wcsstore/Coles-CAS/images/6/7/8/6787580.jpg"
    ],
    "storeId": "coles",
    "packageSize": "1 pack",
    "cupPrice": "",
    "locations": {
      "SA": { "price": 2, "discountRate": 50, "promo": "", "orgPrice": 4 },
      "QLD": { "price": 2, "discountRate": 50, "promo": "", "orgPrice": 4 },
      "NSW": { "price": 2, "discountRate": 50, "promo": "", "orgPrice": 4 },
      "WA": { "price": 2, "discountRate": 50, "promo": "", "orgPrice": 4 },
      "TAS": { "price": 2, "discountRate": 50, "promo": "", "orgPrice": 4 },
      "ACT": { "price": 2, "discountRate": 50, "promo": "", "orgPrice": 4 },
      "NT": { "price": 2, "discountRate": 50, "promo": "", "orgPrice": 4 }
    },
    "categoryIds": ["c-household"],
    "similarProducts": []
  },
  {
    "id": "bonds-opaque-tights-40-denier-knee--hi-nude-1-size",
    "name": "Opaque Tights Knee Hi 40 Denier Nude 1 size",
    "brand": "Bonds",
    "imageUrls": [
      "https://shop.coles.com.au/wcsstore/Coles-CAS/images/2/1/4/2145150.jpg"
    ],
    "storeId": "coles",
    "packageSize": "1 pack",
    "cupPrice": "$2.50 per 1ea",
    "locations": {
      "SA": { "price": 2.5, "discountRate": 50, "promo": "", "orgPrice": 5 },
      "QLD": { "price": 2.5, "discountRate": 50, "promo": "", "orgPrice": 5 },
      "NSW": { "price": 2.5, "discountRate": 50, "promo": "", "orgPrice": 5 },
      "WA": { "price": 2.5, "discountRate": 50, "promo": "", "orgPrice": 5 },
      "TAS": { "price": 2.5, "discountRate": 50, "promo": "", "orgPrice": 5 },
      "ACT": { "price": 2.5, "discountRate": 50, "promo": "", "orgPrice": 5 },
      "NT": { "price": 2.5, "discountRate": 50, "promo": "", "orgPrice": 5 }
    },
    "categoryIds": ["c-household"],
    "similarProducts": []
  },
  {
    "id": "comfort-fbrc-conditioner-shets-towels",
    "name": "Sheets & Towels Fabric Conditioner",
    "brand": "Comfort",
    "imageUrls": [
      "https://shop.coles.com.au/wcsstore/Coles-CAS/images/3/7/3/3735604.jpg"
    ],
    "storeId": "coles",
    "packageSize": "750mL",
    "cupPrice": "$4.67 per 1L",
    "locations": {
      "SA": { "price": 3.5, "discountRate": 50, "promo": "", "orgPrice": 7 },
      "QLD": { "price": 3.5, "discountRate": 50, "promo": "", "orgPrice": 7 },
      "NSW": { "price": 3.5, "discountRate": 50, "promo": "", "orgPrice": 7 },
      "TAS": { "price": 3.5, "discountRate": 50, "promo": "", "orgPrice": 7 },
      "ACT": { "price": 3.5, "discountRate": 50, "promo": "", "orgPrice": 7 },
      "NT": { "price": 3.67, "discountRate": 50, "promo": "", "orgPrice": 7.35 }
    },
    "categoryIds": ["c-household"],
    "similarProducts": []
  },
  {
    "id": "explorer-socks-mens-kings-short-black-size-11-13",
    "name": "Mens Original Wool Crew Black Size 11-14",
    "brand": "Explorer",
    "imageUrls": [
      "https://shop.coles.com.au/wcsstore/Coles-CAS/images/7/1/4/7149534.jpg"
    ],
    "storeId": "coles",
    "packageSize": "1 pack",
    "cupPrice": "$7.00 per 1Ea",
    "locations": {
      "SA": { "price": 7, "discountRate": 50, "promo": "", "orgPrice": 14 },
      "QLD": { "price": 7, "discountRate": 50, "promo": "", "orgPrice": 14 },
      "WA": { "price": 7, "discountRate": 50, "promo": "", "orgPrice": 14 },
      "TAS": { "price": 7, "discountRate": 50, "promo": "", "orgPrice": 14 },
      "ACT": { "price": 7, "discountRate": 50, "promo": "", "orgPrice": 14 },
      "NT": { "price": 7, "discountRate": 50, "promo": "", "orgPrice": 14 }
    },
    "categoryIds": ["c-household"],
    "similarProducts": []
  },
  {
    "id": "bonds-womens-briefs-hipster-boyleg-size-12-6590756p",
    "name": "Womens Hipster Boyleg Briefs Size 12",
    "brand": "Bonds",
    "imageUrls": [
      "https://shop.coles.com.au/wcsstore/Coles-CAS/images/6/5/9/6590756.jpg"
    ],
    "storeId": "coles",
    "packageSize": "2 pack",
    "cupPrice": "",
    "locations": {
      "SA": { "price": 9, "discountRate": 50, "promo": "", "orgPrice": 18 },
      "QLD": { "price": 9, "discountRate": 44, "promo": "", "orgPrice": 16 },
      "NSW": { "price": 9, "discountRate": 44, "promo": "", "orgPrice": 16 },
      "WA": { "price": 9, "discountRate": 50, "promo": "", "orgPrice": 18 },
      "TAS": { "price": 9, "discountRate": 44, "promo": "", "orgPrice": 16 },
      "ACT": { "price": 9, "discountRate": 44, "promo": "", "orgPrice": 16 },
      "NT": { "price": 9, "discountRate": 44, "promo": "", "orgPrice": 16 }
    },
    "categoryIds": ["c-household"],
    "similarProducts": []
  },
  {
    "id": "bonds-opaque-tight-70-denier-black-average-talls",
    "name": "Comfy Tops Opaque Tights 70 Denier Black Average/Talls",
    "brand": "Bonds",
    "imageUrls": [
      "https://shop.coles.com.au/wcsstore/Coles-CAS/images/1/7/2/1721880.jpg"
    ],
    "storeId": "coles",
    "packageSize": "1 pack",
    "cupPrice": "",
    "locations": {
      "SA": { "price": 6, "discountRate": 50, "promo": "", "orgPrice": 12 },
      "QLD": { "price": 6, "discountRate": 50, "promo": "", "orgPrice": 12 },
      "NSW": { "price": 6, "discountRate": 50, "promo": "", "orgPrice": 12 },
      "WA": { "price": 6, "discountRate": 50, "promo": "", "orgPrice": 12 },
      "TAS": { "price": 6, "discountRate": 50, "promo": "", "orgPrice": 12 },
      "ACT": { "price": 6, "discountRate": 50, "promo": "", "orgPrice": 12 },
      "NT": { "price": 6, "discountRate": 50, "promo": "", "orgPrice": 12 }
    },
    "categoryIds": ["c-household"],
    "similarProducts": []
  },
  {
    "id": "bonds-skinny-legging-mix-colour-average-talls",
    "name": "Skinny Legging Assorted Colours Average/Tall",
    "brand": "Bonds",
    "imageUrls": [
      "https://shop.coles.com.au/wcsstore/Coles-CAS/images/1/7/2/1721915.jpg"
    ],
    "storeId": "coles",
    "packageSize": "1 pack",
    "cupPrice": "",
    "locations": {
      "SA": { "price": 10, "discountRate": 50, "promo": "", "orgPrice": 20 },
      "QLD": { "price": 10, "discountRate": 50, "promo": "", "orgPrice": 20 },
      "NSW": { "price": 10, "discountRate": 50, "promo": "", "orgPrice": 20 },
      "WA": { "price": 10, "discountRate": 50, "promo": "", "orgPrice": 20 },
      "TAS": { "price": 10, "discountRate": 50, "promo": "", "orgPrice": 20 },
      "ACT": { "price": 10, "discountRate": 50, "promo": "", "orgPrice": 20 },
      "NT": { "price": 10, "discountRate": 50, "promo": "", "orgPrice": 20 }
    },
    "categoryIds": ["c-household"],
    "similarProducts": []
  },
  {
    "id": "bonds-opaque-tights-knee-hi-40-denier-black-1-size",
    "name": "Comfy Tops Semi Opaque Knee Hi 40 Denier Black 1 size",
    "brand": "Bonds",
    "imageUrls": [
      "https://shop.coles.com.au/wcsstore/Coles-CAS/images/2/1/4/2145172.jpg"
    ],
    "storeId": "coles",
    "packageSize": "1 pack",
    "cupPrice": "",
    "locations": {
      "SA": { "price": 2.5, "discountRate": 50, "promo": "", "orgPrice": 5 },
      "QLD": { "price": 2.5, "discountRate": 50, "promo": "", "orgPrice": 5 },
      "NSW": { "price": 2.5, "discountRate": 50, "promo": "", "orgPrice": 5 },
      "WA": { "price": 2.5, "discountRate": 50, "promo": "", "orgPrice": 5 },
      "TAS": { "price": 2.5, "discountRate": 50, "promo": "", "orgPrice": 5 },
      "ACT": { "price": 2.5, "discountRate": 50, "promo": "", "orgPrice": 5 },
      "NT": { "price": 2.5, "discountRate": 50, "promo": "", "orgPrice": 5 }
    },
    "categoryIds": ["c-household"],
    "similarProducts": []
  },
  {
    "id": "bonds-sheer-pantyhose-slim-black-large",
    "name": "Sheer Pantyhose Slim Black Large",
    "brand": "Bonds",
    "imageUrls": [
      "https://shop.coles.com.au/wcsstore/Coles-CAS/images/2/1/4/2144624.jpg"
    ],
    "storeId": "coles",
    "packageSize": "1 pack",
    "cupPrice": "$4.00 per 1ea",
    "locations": {
      "SA": { "price": 4, "discountRate": 50, "promo": "", "orgPrice": 8 },
      "QLD": { "price": 4, "discountRate": 50, "promo": "", "orgPrice": 8 },
      "NSW": { "price": 4, "discountRate": 50, "promo": "", "orgPrice": 8 },
      "WA": { "price": 4, "discountRate": 50, "promo": "", "orgPrice": 8 },
      "TAS": { "price": 4, "discountRate": 50, "promo": "", "orgPrice": 8 },
      "ACT": { "price": 4, "discountRate": 50, "promo": "", "orgPrice": 8 },
      "NT": { "price": 4, "discountRate": 50, "promo": "", "orgPrice": 8 }
    },
    "categoryIds": ["c-household"],
    "similarProducts": []
  },
  {
    "id": "bonds-salt-n-pep-legging-hy6x1g-sml-med",
    "name": "Salt N Pepper Leggings Small/ Medium",
    "brand": "Bonds",
    "imageUrls": [
      "https://shop.coles.com.au/wcsstore/Coles-CAS/images/3/1/3/3131683.jpg"
    ],
    "storeId": "coles",
    "packageSize": "1 pack",
    "cupPrice": "$7.50 per 1Ea",
    "locations": {
      "SA": { "price": 7.5, "discountRate": 50, "promo": "", "orgPrice": 15 },
      "QLD": { "price": 7.5, "discountRate": 50, "promo": "", "orgPrice": 15 },
      "NSW": { "price": 7.5, "discountRate": 50, "promo": "", "orgPrice": 15 },
      "WA": { "price": 7.5, "discountRate": 50, "promo": "", "orgPrice": 15 },
      "TAS": { "price": 7.5, "discountRate": 50, "promo": "", "orgPrice": 15 },
      "ACT": { "price": 7.5, "discountRate": 50, "promo": "", "orgPrice": 15 },
      "NT": { "price": 7.95, "discountRate": 50, "promo": "", "orgPrice": 15.9 }
    },
    "categoryIds": ["c-household"],
    "similarProducts": []
  },
  {
    "id": "explorer-womens-socks-assorted-size-8-11",
    "name": "Womens Lightweight Cotton Blend Crew Size 8-11",
    "brand": "Explorer",
    "imageUrls": [
      "https://shop.coles.com.au/wcsstore/Coles-CAS/images/7/9/1/7912858.jpg"
    ],
    "storeId": "coles",
    "packageSize": "1 Pack",
    "cupPrice": "$7.00 per 1Ea",
    "locations": {
      "SA": { "price": 7, "discountRate": 50, "promo": "", "orgPrice": 14 },
      "QLD": { "price": 7, "discountRate": 50, "promo": "", "orgPrice": 14 },
      "WA": { "price": 7, "discountRate": 50, "promo": "", "orgPrice": 14 },
      "TAS": { "price": 7, "discountRate": 50, "promo": "", "orgPrice": 14 },
      "ACT": { "price": 7, "discountRate": 50, "promo": "", "orgPrice": 14 },
      "NT": { "price": 7, "discountRate": 50, "promo": "", "orgPrice": 14 }
    },
    "categoryIds": ["c-household"],
    "similarProducts": []
  },
  {
    "id": "sheer-relief-trouser-sock-black",
    "name": "Sheer Relief Trouser Sock Black One size Fits All",
    "brand": "Kolotex",
    "imageUrls": [
      "https://shop.coles.com.au/wcsstore/Coles-CAS/images/8/4/2/8424328.jpg"
    ],
    "storeId": "coles",
    "packageSize": "1 pack",
    "cupPrice": "",
    "locations": {
      "SA": { "price": 4, "discountRate": 50, "promo": "", "orgPrice": 8 },
      "QLD": { "price": 4, "discountRate": 50, "promo": "", "orgPrice": 8 },
      "NSW": { "price": 4, "discountRate": 50, "promo": "", "orgPrice": 8 },
      "WA": { "price": 4, "discountRate": 50, "promo": "", "orgPrice": 8 },
      "TAS": { "price": 4, "discountRate": 50, "promo": "", "orgPrice": 8 },
      "ACT": { "price": 4, "discountRate": 50, "promo": "", "orgPrice": 8 },
      "NT": { "price": 4, "discountRate": 50, "promo": "", "orgPrice": 8 }
    },
    "categoryIds": ["c-household"],
    "similarProducts": []
  },
  {
    "id": "razza-ladder-resist-h80080-blk-x-tall",
    "name": "Ladder Resist 15 Denier X-Tall",
    "brand": "Razza Matazz",
    "imageUrls": [
      "https://shop.coles.com.au/wcsstore/Coles-CAS/images/3/1/3/3130352.jpg"
    ],
    "storeId": "coles",
    "packageSize": "1 pack",
    "cupPrice": "$3.00 per 1Ea",
    "locations": {
      "SA": { "price": 3, "discountRate": 50, "promo": "", "orgPrice": 6 },
      "QLD": { "price": 3, "discountRate": 50, "promo": "", "orgPrice": 6 },
      "NSW": { "price": 3, "discountRate": 50, "promo": "", "orgPrice": 6 },
      "WA": { "price": 3, "discountRate": 50, "promo": "", "orgPrice": 6 },
      "TAS": { "price": 3, "discountRate": 50, "promo": "", "orgPrice": 6 },
      "ACT": { "price": 3, "discountRate": 50, "promo": "", "orgPrice": 6 },
      "NT": { "price": 3, "discountRate": 50, "promo": "", "orgPrice": 6 }
    },
    "categoryIds": ["c-household"],
    "similarProducts": []
  },
  {
    "id": "razzamatazz-tights-opaque-120-denier-black-tall-extra-tall",
    "name": "Opaque Tights 120 Denier Black Medium/Large",
    "brand": "Razzamatazz",
    "imageUrls": [
      "https://shop.coles.com.au/wcsstore/ColesResponsiveStorefrontAssetStore/dist/ccfc54aed6e361b650bcf0582f7b576b/img/img_product-placeholder.png"
    ],
    "storeId": "coles",
    "packageSize": "1 pack",
    "cupPrice": "$6.00 per 1Ea",
    "locations": {
      "SA": { "price": 6, "discountRate": 50, "promo": "", "orgPrice": 12 },
      "QLD": { "price": 6, "discountRate": 50, "promo": "", "orgPrice": 12 },
      "NSW": { "price": 6, "discountRate": 50, "promo": "", "orgPrice": 12 },
      "WA": { "price": 6, "discountRate": 50, "promo": "", "orgPrice": 12 },
      "TAS": { "price": 6, "discountRate": 50, "promo": "", "orgPrice": 12 },
      "ACT": { "price": 6, "discountRate": 50, "promo": "", "orgPrice": 12 },
      "NT": { "price": 6, "discountRate": 50, "promo": "", "orgPrice": 12 }
    },
    "categoryIds": ["c-household"],
    "similarProducts": []
  },
  {
    "id": "sheer-relief-70d-compr-opq-comf-h32803-blk-ave",
    "name": "Compression Opaques Black Size A",
    "brand": "Sheer Relief",
    "imageUrls": [
      "https://shop.coles.com.au/wcsstore/Coles-CAS/images/3/1/3/3132096.jpg"
    ],
    "storeId": "coles",
    "packageSize": "1 pack",
    "cupPrice": "$6.50 per 1Ea",
    "locations": {
      "SA": { "price": 6.5, "discountRate": 50, "promo": "", "orgPrice": 13 },
      "QLD": { "price": 6.5, "discountRate": 50, "promo": "", "orgPrice": 13 },
      "NSW": { "price": 6.5, "discountRate": 50, "promo": "", "orgPrice": 13 },
      "WA": { "price": 6.5, "discountRate": 50, "promo": "", "orgPrice": 13 },
      "TAS": { "price": 6.5, "discountRate": 50, "promo": "", "orgPrice": 13 },
      "ACT": { "price": 6.5, "discountRate": 50, "promo": "", "orgPrice": 13 }
    },
    "categoryIds": ["c-household"],
    "similarProducts": []
  },
  {
    "id": "smash-explorer-flask-530ml",
    "name": "Explorer Flask Bottle",
    "brand": "Smash",
    "imageUrls": [
      "https://shop.coles.com.au/wcsstore/Coles-CAS/images/3/3/8/3380553.jpg"
    ],
    "storeId": "coles",
    "packageSize": "",
    "cupPrice": "$7.50 per 1Ea",
    "locations": {
      "SA": { "price": 7.5, "discountRate": 50, "promo": "", "orgPrice": 15 },
      "QLD": { "price": 7.5, "discountRate": 50, "promo": "", "orgPrice": 15 },
      "NSW": { "price": 7.5, "discountRate": 50, "promo": "", "orgPrice": 15 },
      "TAS": { "price": 7.5, "discountRate": 50, "promo": "", "orgPrice": 15 },
      "ACT": { "price": 7.5, "discountRate": 50, "promo": "", "orgPrice": 15 }
    },
    "categoryIds": ["c-household"],
    "similarProducts": []
  },
  {
    "id": "smash-leak-prof-fruity-mover",
    "name": "Leak Proof Fruity Mover",
    "brand": "Smash",
    "imageUrls": [
      "https://shop.coles.com.au/wcsstore/Coles-CAS/images/3/6/4/3649251.jpg"
    ],
    "storeId": "coles",
    "packageSize": "",
    "cupPrice": "$3.00 per 1Ea",
    "locations": {
      "SA": { "price": 3, "discountRate": 50, "promo": "", "orgPrice": 6 },
      "QLD": { "price": 3, "discountRate": 50, "promo": "", "orgPrice": 6 },
      "NSW": { "price": 3, "discountRate": 50, "promo": "", "orgPrice": 6 },
      "WA": { "price": 3, "discountRate": 50, "promo": "", "orgPrice": 6 },
      "TAS": { "price": 3, "discountRate": 50, "promo": "", "orgPrice": 6 },
      "ACT": { "price": 3, "discountRate": 50, "promo": "", "orgPrice": 6 },
      "NT": { "price": 3, "discountRate": 50, "promo": "", "orgPrice": 6 }
    },
    "categoryIds": ["c-household"],
    "similarProducts": []
  },
  {
    "id": "smash-stainless-stel-barista-buddy-350ml",
    "name": "Stainless Steel Barista Buddy",
    "brand": "Smash",
    "imageUrls": [
      "https://shop.coles.com.au/wcsstore/Coles-CAS/images/3/6/4/3649284.jpg"
    ],
    "storeId": "coles",
    "packageSize": "",
    "cupPrice": "$9.00 per 1Ea",
    "locations": {
      "SA": { "price": 9, "discountRate": 50, "promo": "", "orgPrice": 18 },
      "QLD": { "price": 9, "discountRate": 50, "promo": "", "orgPrice": 18 },
      "NSW": { "price": 9, "discountRate": 50, "promo": "", "orgPrice": 18 },
      "WA": { "price": 9, "discountRate": 50, "promo": "", "orgPrice": 18 },
      "TAS": { "price": 9, "discountRate": 50, "promo": "", "orgPrice": 18 },
      "ACT": { "price": 9, "discountRate": 50, "promo": "", "orgPrice": 18 },
      "NT": { "price": 9, "discountRate": 50, "promo": "", "orgPrice": 18 }
    },
    "categoryIds": ["c-household"],
    "similarProducts": []
  },
  {
    "id": "bonds-ladies-socks-footlets-black-size-4-7",
    "name": "No Show Footlets Assorted Colours size 4+",
    "brand": "Bonds",
    "imageUrls": [
      "https://shop.coles.com.au/wcsstore/Coles-CAS/images/5/7/2/5723435.jpg"
    ],
    "storeId": "coles",
    "packageSize": "1 pack",
    "cupPrice": "$2.50 per 1ea",
    "locations": {
      "SA": { "price": 2.5, "discountRate": 50, "promo": "", "orgPrice": 5 },
      "QLD": { "price": 2.5, "discountRate": 50, "promo": "", "orgPrice": 5 },
      "NSW": { "price": 2.5, "discountRate": 50, "promo": "", "orgPrice": 5 },
      "WA": { "price": 2.5, "discountRate": 50, "promo": "", "orgPrice": 5 },
      "TAS": { "price": 2.5, "discountRate": 50, "promo": "", "orgPrice": 5 },
      "ACT": { "price": 2.5, "discountRate": 50, "promo": "", "orgPrice": 5 },
      "NT": { "price": 2.5, "discountRate": 50, "promo": "", "orgPrice": 5 }
    },
    "categoryIds": ["c-household"],
    "similarProducts": []
  },
  {
    "id": "bonds-womens-briefs-hipster-boyleg-size-10-6590701p",
    "name": "Womens Hipster Boyleg Briefs Size 10",
    "brand": "Bonds",
    "imageUrls": [
      "https://shop.coles.com.au/wcsstore/Coles-CAS/images/6/5/9/6590701.jpg"
    ],
    "storeId": "coles",
    "packageSize": "2 pack",
    "cupPrice": "",
    "locations": {
      "SA": { "price": 9, "discountRate": 50, "promo": "", "orgPrice": 18 },
      "QLD": { "price": 9, "discountRate": 44, "promo": "", "orgPrice": 16 },
      "NSW": { "price": 9, "discountRate": 44, "promo": "", "orgPrice": 16 },
      "WA": { "price": 9, "discountRate": 50, "promo": "", "orgPrice": 18 },
      "TAS": { "price": 9, "discountRate": 44, "promo": "", "orgPrice": 16 },
      "ACT": { "price": 9, "discountRate": 44, "promo": "", "orgPrice": 16 },
      "NT": { "price": 9, "discountRate": 44, "promo": "", "orgPrice": 16 }
    },
    "categoryIds": ["c-household"],
    "similarProducts": []
  },
  {
    "id": "bonds-sheer-pantyhose-slim-nude-large",
    "name": "Sheer Pantyhose Slim Nude Large",
    "brand": "Bonds",
    "imageUrls": [
      "https://shop.coles.com.au/wcsstore/Coles-CAS/images/2/1/4/2144410.jpg"
    ],
    "storeId": "coles",
    "packageSize": "1 pack",
    "cupPrice": "$4.00 per 1ea",
    "locations": {
      "SA": { "price": 4, "discountRate": 50, "promo": "", "orgPrice": 8 },
      "QLD": { "price": 4, "discountRate": 50, "promo": "", "orgPrice": 8 },
      "NSW": { "price": 4, "discountRate": 50, "promo": "", "orgPrice": 8 },
      "WA": { "price": 4, "discountRate": 50, "promo": "", "orgPrice": 8 },
      "TAS": { "price": 4, "discountRate": 50, "promo": "", "orgPrice": 8 },
      "ACT": { "price": 4, "discountRate": 50, "promo": "", "orgPrice": 8 }
    },
    "categoryIds": ["c-household"],
    "similarProducts": []
  },
  {
    "id": "bonds-sheer-pantyhose-slim-black-medium",
    "name": "Sheer Pantyhose Slim Black Medium",
    "brand": "Bonds",
    "imageUrls": [
      "https://shop.coles.com.au/wcsstore/Coles-CAS/images/2/1/4/2144602.jpg"
    ],
    "storeId": "coles",
    "packageSize": "1 pack",
    "cupPrice": "$4.00 per 1ea",
    "locations": {
      "SA": { "price": 4, "discountRate": 50, "promo": "", "orgPrice": 8 },
      "QLD": { "price": 4, "discountRate": 50, "promo": "", "orgPrice": 8 },
      "NSW": { "price": 4, "discountRate": 50, "promo": "", "orgPrice": 8 },
      "WA": { "price": 4, "discountRate": 50, "promo": "", "orgPrice": 8 },
      "TAS": { "price": 4, "discountRate": 50, "promo": "", "orgPrice": 8 },
      "ACT": { "price": 4, "discountRate": 50, "promo": "", "orgPrice": 8 },
      "NT": { "price": 4, "discountRate": 50, "promo": "", "orgPrice": 8 }
    },
    "categoryIds": ["c-household"],
    "similarProducts": []
  },
  {
    "id": "bonds-sheer-pantyhose-slim-black-small",
    "name": "Comfy Tops Slimming Sheer Tights Black Small",
    "brand": "Bonds",
    "imageUrls": [
      "https://shop.coles.com.au/wcsstore/Coles-CAS/images/2/1/4/2144522.jpg"
    ],
    "storeId": "coles",
    "packageSize": "1 pack",
    "cupPrice": "$4.00 per 1ea",
    "locations": {
      "SA": { "price": 4, "discountRate": 50, "promo": "", "orgPrice": 8 },
      "QLD": { "price": 4, "discountRate": 50, "promo": "", "orgPrice": 8 },
      "NSW": { "price": 4, "discountRate": 50, "promo": "", "orgPrice": 8 },
      "WA": { "price": 4, "discountRate": 50, "promo": "", "orgPrice": 8 },
      "TAS": { "price": 4, "discountRate": 50, "promo": "", "orgPrice": 8 },
      "ACT": { "price": 4, "discountRate": 50, "promo": "", "orgPrice": 8 }
    },
    "categoryIds": ["c-household"],
    "similarProducts": []
  },
  {
    "id": "bonds-sheer-pantyhose-slim-nude-medium",
    "name": "Sheer Pantyhose Slim Nude Medium",
    "brand": "Bonds",
    "imageUrls": [
      "https://shop.coles.com.au/wcsstore/Coles-CAS/images/2/1/4/2144409.jpg"
    ],
    "storeId": "coles",
    "packageSize": "1 pack",
    "cupPrice": "$4.00 per 1ea",
    "locations": {
      "SA": { "price": 4, "discountRate": 50, "promo": "", "orgPrice": 8 },
      "QLD": { "price": 4, "discountRate": 50, "promo": "", "orgPrice": 8 },
      "NSW": { "price": 4, "discountRate": 50, "promo": "", "orgPrice": 8 },
      "WA": { "price": 4, "discountRate": 50, "promo": "", "orgPrice": 8 },
      "TAS": { "price": 4, "discountRate": 50, "promo": "", "orgPrice": 8 },
      "ACT": { "price": 4, "discountRate": 50, "promo": "", "orgPrice": 8 }
    },
    "categoryIds": ["c-household"],
    "similarProducts": []
  },
  {
    "id": "bonds-sheer-pantyhose-slim-nude-small",
    "name": "Comfy Tops Slimming Sheer Tights Nude Small",
    "brand": "Bonds",
    "imageUrls": [
      "https://shop.coles.com.au/wcsstore/Coles-CAS/images/2/1/4/2144395.jpg"
    ],
    "storeId": "coles",
    "packageSize": "1 pack",
    "cupPrice": "$4.00 per 1ea",
    "locations": {
      "SA": { "price": 4, "discountRate": 50, "promo": "", "orgPrice": 8 },
      "QLD": { "price": 4, "discountRate": 50, "promo": "", "orgPrice": 8 },
      "NSW": { "price": 4, "discountRate": 50, "promo": "", "orgPrice": 8 },
      "WA": { "price": 4, "discountRate": 50, "promo": "", "orgPrice": 8 },
      "TAS": { "price": 4, "discountRate": 50, "promo": "", "orgPrice": 8 },
      "ACT": { "price": 4, "discountRate": 50, "promo": "", "orgPrice": 8 }
    },
    "categoryIds": ["c-household"],
    "similarProducts": []
  },
  {
    "id": "sheer-relief-cotton-pantyhose-trouser-sock-beige",
    "name": "Sheer Relief Trouser Sock Beige One size Fits All",
    "brand": "Kolotex",
    "imageUrls": [
      "https://shop.coles.com.au/wcsstore/Coles-CAS/images/8/4/2/8424317.jpg"
    ],
    "storeId": "coles",
    "packageSize": "1 pack",
    "cupPrice": "$4.00 per 1ea",
    "locations": {
      "SA": { "price": 4, "discountRate": 50, "promo": "", "orgPrice": 8 },
      "QLD": { "price": 4, "discountRate": 50, "promo": "", "orgPrice": 8 },
      "NSW": { "price": 4, "discountRate": 50, "promo": "", "orgPrice": 8 },
      "WA": { "price": 4, "discountRate": 50, "promo": "", "orgPrice": 8 },
      "TAS": { "price": 4, "discountRate": 50, "promo": "", "orgPrice": 8 },
      "ACT": { "price": 4, "discountRate": 50, "promo": "", "orgPrice": 8 }
    },
    "categoryIds": ["c-household"],
    "similarProducts": []
  },
  {
    "id": "sheer-relief-pantyhose-knee-hi-mid-beige-one-size-fits-all",
    "name": "Sheer Relief Knee Hi Mid Beige One size",
    "brand": "Kolotex",
    "imageUrls": [
      "https://shop.coles.com.au/wcsstore/Coles-CAS/images/8/0/0/8005799.jpg"
    ],
    "storeId": "coles",
    "packageSize": "1 pack",
    "cupPrice": "$4.00 per 1ea",
    "locations": {
      "SA": { "price": 4, "discountRate": 50, "promo": "", "orgPrice": 8 },
      "QLD": { "price": 4, "discountRate": 50, "promo": "", "orgPrice": 8 },
      "NSW": { "price": 4, "discountRate": 50, "promo": "", "orgPrice": 8 },
      "WA": { "price": 4, "discountRate": 50, "promo": "", "orgPrice": 8 },
      "TAS": { "price": 4, "discountRate": 50, "promo": "", "orgPrice": 8 },
      "ACT": { "price": 4, "discountRate": 50, "promo": "", "orgPrice": 8 },
      "NT": { "price": 4, "discountRate": 50, "promo": "", "orgPrice": 8 }
    },
    "categoryIds": ["c-household"],
    "similarProducts": []
  },
  {
    "id": "sheer-relief-pantyhose-beige-extra-tall",
    "name": "Sheer Relief Pantyhose Beige X Tall",
    "brand": "Kolotex",
    "imageUrls": [
      "https://shop.coles.com.au/wcsstore/Coles-CAS/images/7/0/0/700523.jpg"
    ],
    "storeId": "coles",
    "packageSize": "1 pack",
    "cupPrice": "$4.00 per 1ea",
    "locations": {
      "SA": { "price": 4, "discountRate": 50, "promo": "", "orgPrice": 8 },
      "QLD": { "price": 4, "discountRate": 50, "promo": "", "orgPrice": 8 },
      "NSW": { "price": 4, "discountRate": 50, "promo": "", "orgPrice": 8 },
      "WA": { "price": 4, "discountRate": 50, "promo": "", "orgPrice": 8 },
      "TAS": { "price": 4, "discountRate": 50, "promo": "", "orgPrice": 8 },
      "ACT": { "price": 4, "discountRate": 50, "promo": "", "orgPrice": 8 },
      "NT": { "price": 4, "discountRate": 50, "promo": "", "orgPrice": 8 }
    },
    "categoryIds": ["c-household"],
    "similarProducts": []
  },
  {
    "id": "kolotex-sheer-relief-pantyhose-beige-tall",
    "name": "Sheer Relief Pantyhose Beige Talls",
    "brand": "Kolotex",
    "imageUrls": [
      "https://shop.coles.com.au/wcsstore/Coles-CAS/images/6/9/4/694034.jpg"
    ],
    "storeId": "coles",
    "packageSize": "1 pack",
    "cupPrice": "",
    "locations": {
      "SA": { "price": 4, "discountRate": 50, "promo": "", "orgPrice": 8 },
      "QLD": { "price": 4, "discountRate": 50, "promo": "", "orgPrice": 8 },
      "NSW": { "price": 4, "discountRate": 50, "promo": "", "orgPrice": 8 },
      "WA": { "price": 4, "discountRate": 50, "promo": "", "orgPrice": 8 },
      "TAS": { "price": 4, "discountRate": 50, "promo": "", "orgPrice": 8 },
      "ACT": { "price": 4, "discountRate": 50, "promo": "", "orgPrice": 8 },
      "NT": { "price": 4, "discountRate": 50, "promo": "", "orgPrice": 8 }
    },
    "categoryIds": ["c-household"],
    "similarProducts": []
  },
  {
    "id": "kolotex-sheer-relief-pantyhose-beige-average",
    "name": "Sheer Relief Pantyhose Beige Average",
    "brand": "Kolotex",
    "imageUrls": [
      "https://shop.coles.com.au/wcsstore/Coles-CAS/images/6/8/5/685827.jpg"
    ],
    "storeId": "coles",
    "packageSize": "1 pack",
    "cupPrice": "$4.00 per 1ea",
    "locations": {
      "SA": { "price": 4, "discountRate": 50, "promo": "", "orgPrice": 8 },
      "QLD": { "price": 4, "discountRate": 50, "promo": "", "orgPrice": 8 },
      "NSW": { "price": 4, "discountRate": 50, "promo": "", "orgPrice": 8 },
      "WA": { "price": 4, "discountRate": 50, "promo": "", "orgPrice": 8 },
      "TAS": { "price": 4, "discountRate": 50, "promo": "", "orgPrice": 8 },
      "ACT": { "price": 4, "discountRate": 50, "promo": "", "orgPrice": 8 }
    },
    "categoryIds": ["c-household"],
    "similarProducts": []
  },
  {
    "id": "kolotex-sheer-relief-pantyhose-black-average",
    "name": "Sheer Relief Pantyhose Black Average",
    "brand": "Kolotex",
    "imageUrls": [
      "https://shop.coles.com.au/wcsstore/Coles-CAS/images/1/1/4/1140082.jpg"
    ],
    "storeId": "coles",
    "packageSize": "1 pack",
    "cupPrice": "$4.00 per 1ea",
    "locations": {
      "SA": { "price": 4, "discountRate": 50, "promo": "", "orgPrice": 8 },
      "QLD": { "price": 4, "discountRate": 50, "promo": "", "orgPrice": 8 },
      "NSW": { "price": 4, "discountRate": 50, "promo": "", "orgPrice": 8 },
      "WA": { "price": 4, "discountRate": 50, "promo": "", "orgPrice": 8 },
      "TAS": { "price": 4, "discountRate": 50, "promo": "", "orgPrice": 8 },
      "ACT": { "price": 4, "discountRate": 50, "promo": "", "orgPrice": 8 }
    },
    "categoryIds": ["c-household"],
    "similarProducts": []
  },
  {
    "id": "sheer-relief-pantyhose-black-tall",
    "name": "Sheer Relief Pantyhose Black Talls",
    "brand": "Kolotex",
    "imageUrls": [
      "https://shop.coles.com.au/wcsstore/Coles-CAS/images/1/1/4/1140093.jpg"
    ],
    "storeId": "coles",
    "packageSize": "1 pack",
    "cupPrice": "$4.00 per 1ea",
    "locations": {
      "SA": { "price": 4, "discountRate": 50, "promo": "", "orgPrice": 8 },
      "QLD": { "price": 4, "discountRate": 50, "promo": "", "orgPrice": 8 },
      "NSW": { "price": 4, "discountRate": 50, "promo": "", "orgPrice": 8 },
      "WA": { "price": 4, "discountRate": 50, "promo": "", "orgPrice": 8 },
      "TAS": { "price": 4, "discountRate": 50, "promo": "", "orgPrice": 8 },
      "ACT": { "price": 4, "discountRate": 50, "promo": "", "orgPrice": 8 },
      "NT": { "price": 4, "discountRate": 50, "promo": "", "orgPrice": 8 }
    },
    "categoryIds": ["c-household"],
    "similarProducts": []
  },
  {
    "id": "razzamatazz-control-pantyhose-bonezap-mid",
    "name": "Light Slimming Brief Pantyhose Natural Average",
    "brand": "Razzamatazz",
    "imageUrls": [
      "https://shop.coles.com.au/wcsstore/Coles-CAS/images/7/4/2/7429483.jpg"
    ],
    "storeId": "coles",
    "packageSize": "2 pack",
    "cupPrice": "$1.50 per 1Ea",
    "locations": {
      "SA": { "price": 3, "discountRate": 50, "promo": "", "orgPrice": 6 },
      "QLD": { "price": 3, "discountRate": 50, "promo": "", "orgPrice": 6 },
      "NSW": { "price": 3, "discountRate": 50, "promo": "", "orgPrice": 6 },
      "WA": { "price": 3, "discountRate": 50, "promo": "", "orgPrice": 6 },
      "TAS": { "price": 3, "discountRate": 50, "promo": "", "orgPrice": 6 },
      "ACT": { "price": 3, "discountRate": 50, "promo": "", "orgPrice": 6 }
    },
    "categoryIds": ["c-household"],
    "similarProducts": []
  },
  {
    "id": "razzamatazz-control-pantyhose-black-tall",
    "name": "Light Slimming Brief Pantyhose Black Talls",
    "brand": "Razzamatazz",
    "imageUrls": [
      "https://shop.coles.com.au/wcsstore/Coles-CAS/images/7/4/3/7431420.jpg"
    ],
    "storeId": "coles",
    "packageSize": "2 pack",
    "cupPrice": "$15.00 per 1Kg",
    "locations": {
      "SA": { "price": 3, "discountRate": 50, "promo": "", "orgPrice": 6 },
      "QLD": { "price": 3, "discountRate": 50, "promo": "", "orgPrice": 6 },
      "TAS": { "price": 3, "discountRate": 50, "promo": "", "orgPrice": 6 },
      "ACT": { "price": 3, "discountRate": 50, "promo": "", "orgPrice": 6 }
    },
    "categoryIds": ["c-household"],
    "similarProducts": []
  },
  {
    "id": "razzamatazz-control-pantyhose-black--extra-large",
    "name": "Light Slimming Brief Pantyhose Black X Tall",
    "brand": "Razzamatazz",
    "imageUrls": [
      "https://shop.coles.com.au/wcsstore/Coles-CAS/images/7/4/3/7431430.jpg"
    ],
    "storeId": "coles",
    "packageSize": "2 pack",
    "cupPrice": "$15.00 per 1Kg",
    "locations": {
      "SA": { "price": 3, "discountRate": 50, "promo": "", "orgPrice": 6 },
      "QLD": { "price": 3, "discountRate": 50, "promo": "", "orgPrice": 6 },
      "TAS": { "price": 3, "discountRate": 50, "promo": "", "orgPrice": 6 },
      "ACT": { "price": 3, "discountRate": 50, "promo": "", "orgPrice": 6 }
    },
    "categoryIds": ["c-household"],
    "similarProducts": []
  },
  {
    "id": "razzamatazz-control-pantyhose-black-mid",
    "name": "Light Slimming Brief Pantyhose Black Average",
    "brand": "Razzamatazz",
    "imageUrls": [
      "https://shop.coles.com.au/wcsstore/Coles-CAS/images/7/4/3/7431419.jpg"
    ],
    "storeId": "coles",
    "packageSize": "2 pack",
    "cupPrice": "$15.00 per 1Kg",
    "locations": {
      "SA": { "price": 3, "discountRate": 50, "promo": "", "orgPrice": 6 },
      "QLD": { "price": 3, "discountRate": 50, "promo": "", "orgPrice": 6 },
      "TAS": { "price": 3, "discountRate": 50, "promo": "", "orgPrice": 6 },
      "ACT": { "price": 3, "discountRate": 50, "promo": "", "orgPrice": 6 }
    },
    "categoryIds": ["c-household"],
    "similarProducts": []
  },
  {
    "id": "razzamatazz-control-pantyhose-bonezap-extra-large",
    "name": "Light Slimming Brief Pantyhose Natural X Tall",
    "brand": "Razzamatazz",
    "imageUrls": [
      "https://shop.coles.com.au/wcsstore/Coles-CAS/images/7/4/3/7431510.jpg"
    ],
    "storeId": "coles",
    "packageSize": "2 pack",
    "cupPrice": "$15.00 per 1Kg",
    "locations": {
      "SA": { "price": 3, "discountRate": 50, "promo": "", "orgPrice": 6 },
      "QLD": { "price": 3, "discountRate": 50, "promo": "", "orgPrice": 6 },
      "NSW": { "price": 3, "discountRate": 50, "promo": "", "orgPrice": 6 },
      "WA": { "price": 3, "discountRate": 50, "promo": "", "orgPrice": 6 },
      "TAS": { "price": 3, "discountRate": 50, "promo": "", "orgPrice": 6 },
      "ACT": { "price": 3, "discountRate": 50, "promo": "", "orgPrice": 6 }
    },
    "categoryIds": ["c-household"],
    "similarProducts": []
  },
  {
    "id": "razzamatazz-control-pantyhose-bonezap-tall",
    "name": "Light Slimming Brief Pantyhose Natural Talls",
    "brand": "Razzamatazz",
    "imageUrls": [
      "https://shop.coles.com.au/wcsstore/Coles-CAS/images/7/4/3/7431441.jpg"
    ],
    "storeId": "coles",
    "packageSize": "2 pack",
    "cupPrice": "$15.00 per 1Kg",
    "locations": {
      "SA": { "price": 3, "discountRate": 50, "promo": "", "orgPrice": 6 },
      "QLD": { "price": 3, "discountRate": 50, "promo": "", "orgPrice": 6 },
      "NSW": { "price": 3, "discountRate": 50, "promo": "", "orgPrice": 6 },
      "WA": { "price": 3, "discountRate": 50, "promo": "", "orgPrice": 6 },
      "TAS": { "price": 3, "discountRate": 50, "promo": "", "orgPrice": 6 },
      "ACT": { "price": 3, "discountRate": 50, "promo": "", "orgPrice": 6 }
    },
    "categoryIds": ["c-household"],
    "similarProducts": []
  },
  {
    "id": "razzamatazz-nylon-bonezapper-pantyhose-knee-hi",
    "name": "Sheer Reinforced Toe Knee Hi 15 Denier Bonezapper",
    "brand": "Razzamatazz",
    "imageUrls": [
      "https://shop.coles.com.au/wcsstore/Coles-CAS/images/6/1/2/6123819.jpg"
    ],
    "storeId": "coles",
    "packageSize": "2 pack",
    "cupPrice": "$2.00 per 1ea",
    "locations": {
      "SA": { "price": 2, "discountRate": 50, "promo": "", "orgPrice": 4 },
      "QLD": { "price": 2, "discountRate": 50, "promo": "", "orgPrice": 4 },
      "NSW": { "price": 2, "discountRate": 50, "promo": "", "orgPrice": 4 },
      "WA": { "price": 2, "discountRate": 50, "promo": "", "orgPrice": 4 },
      "TAS": { "price": 2, "discountRate": 50, "promo": "", "orgPrice": 4 },
      "ACT": { "price": 2, "discountRate": 50, "promo": "", "orgPrice": 4 },
      "NT": { "price": 2, "discountRate": 50, "promo": "", "orgPrice": 4 }
    },
    "categoryIds": ["c-household"],
    "similarProducts": []
  },
  {
    "id": "razzamatazz-tights-opaque-120-denier-black-average-tall",
    "name": "Opaque Tights 120 Denier Black Small/Medium",
    "brand": "Razzamatazz",
    "imageUrls": [
      "https://shop.coles.com.au/wcsstore/ColesResponsiveStorefrontAssetStore/dist/ccfc54aed6e361b650bcf0582f7b576b/img/img_product-placeholder.png"
    ],
    "storeId": "coles",
    "packageSize": "1 pack",
    "cupPrice": "$6.00 per 1Ea",
    "locations": {
      "SA": { "price": 6, "discountRate": 50, "promo": "", "orgPrice": 12 },
      "QLD": { "price": 6, "discountRate": 50, "promo": "", "orgPrice": 12 },
      "NSW": { "price": 6, "discountRate": 50, "promo": "", "orgPrice": 12 },
      "WA": { "price": 6, "discountRate": 50, "promo": "", "orgPrice": 12 },
      "TAS": { "price": 6, "discountRate": 50, "promo": "", "orgPrice": 12 },
      "ACT": { "price": 6, "discountRate": 50, "promo": "", "orgPrice": 12 },
      "NT": { "price": 6, "discountRate": 50, "promo": "", "orgPrice": 12 }
    },
    "categoryIds": ["c-household"],
    "similarProducts": []
  },
  {
    "id": "razzamatazz-tights-opaque-40-denier-black-average-tall",
    "name": "Elastane Opaque Tights Black 40 Denier Average-Talls",
    "brand": "Razzamatazz",
    "imageUrls": [
      "https://shop.coles.com.au/wcsstore/Coles-CAS/images/5/9/6/5960215.jpg"
    ],
    "storeId": "coles",
    "packageSize": "1 pack",
    "cupPrice": "",
    "locations": {
      "SA": { "price": 3.75, "discountRate": 50, "promo": "", "orgPrice": 7.5 },
      "QLD": {
        "price": 3.75,
        "discountRate": 50,
        "promo": "",
        "orgPrice": 7.5
      },
      "NSW": {
        "price": 3.75,
        "discountRate": 50,
        "promo": "",
        "orgPrice": 7.5
      },
      "WA": { "price": 3.75, "discountRate": 50, "promo": "", "orgPrice": 7.5 },
      "TAS": {
        "price": 3.75,
        "discountRate": 50,
        "promo": "",
        "orgPrice": 7.5
      },
      "ACT": { "price": 3.75, "discountRate": 50, "promo": "", "orgPrice": 7.5 }
    },
    "categoryIds": ["c-household"],
    "similarProducts": []
  },
  {
    "id": "razzamatazz-socks-sheer-nylon-15-denier-black",
    "name": "Value Anklet Socks Black",
    "brand": "Razzamatazz",
    "imageUrls": [
      "https://shop.coles.com.au/wcsstore/Coles-CAS/images/8/9/6/8966692.jpg"
    ],
    "storeId": "coles",
    "packageSize": "2 pack",
    "cupPrice": "$1.50 per 1ea",
    "locations": {
      "SA": { "price": 1.5, "discountRate": 50, "promo": "", "orgPrice": 3 },
      "QLD": { "price": 1.5, "discountRate": 50, "promo": "", "orgPrice": 3 },
      "TAS": { "price": 1.5, "discountRate": 50, "promo": "", "orgPrice": 3 },
      "ACT": { "price": 1.5, "discountRate": 50, "promo": "", "orgPrice": 3 }
    },
    "categoryIds": ["c-household"],
    "similarProducts": []
  },
  {
    "id": "razzamatazz-shine-light-pantyhose-black-average",
    "name": "Shine Light Pantyhose Black Average",
    "brand": "Razzamatazz",
    "imageUrls": [
      "https://shop.coles.com.au/wcsstore/Coles-CAS/images/1/7/2/1722066.jpg"
    ],
    "storeId": "coles",
    "packageSize": "1 pack",
    "cupPrice": "",
    "locations": {
      "SA": { "price": 5, "discountRate": 50, "promo": "", "orgPrice": 10 },
      "QLD": { "price": 5, "discountRate": 50, "promo": "", "orgPrice": 10 },
      "NSW": { "price": 5, "discountRate": 50, "promo": "", "orgPrice": 10 },
      "WA": { "price": 5, "discountRate": 50, "promo": "", "orgPrice": 10 },
      "TAS": { "price": 5, "discountRate": 50, "promo": "", "orgPrice": 10 },
      "ACT": { "price": 5, "discountRate": 50, "promo": "", "orgPrice": 10 }
    },
    "categoryIds": ["c-household"],
    "similarProducts": []
  },
  {
    "id": "razzamatazz-shine-light-pantyhose-black-x-tall",
    "name": "Shine Light Pantyhose Black X Tall",
    "brand": "Razzamatazz",
    "imageUrls": [
      "https://shop.coles.com.au/wcsstore/Coles-CAS/images/1/7/2/1722088.jpg"
    ],
    "storeId": "coles",
    "packageSize": "1 pack",
    "cupPrice": "",
    "locations": {
      "SA": { "price": 5, "discountRate": 50, "promo": "", "orgPrice": 10 },
      "QLD": { "price": 5, "discountRate": 50, "promo": "", "orgPrice": 10 },
      "NSW": { "price": 5, "discountRate": 50, "promo": "", "orgPrice": 10 },
      "WA": { "price": 5, "discountRate": 50, "promo": "", "orgPrice": 10 },
      "TAS": { "price": 5, "discountRate": 50, "promo": "", "orgPrice": 10 },
      "ACT": { "price": 5, "discountRate": 50, "promo": "", "orgPrice": 10 }
    },
    "categoryIds": ["c-household"],
    "similarProducts": []
  },
  {
    "id": "razzamatazz-shine-light-pantyhose-natural-tall",
    "name": "Shine Light Pantyhose Natural Talls",
    "brand": "Razzamatazz",
    "imageUrls": [
      "https://shop.coles.com.au/wcsstore/Coles-CAS/images/1/7/2/1722033.jpg"
    ],
    "storeId": "coles",
    "packageSize": "1 pack",
    "cupPrice": "",
    "locations": {
      "SA": { "price": 5, "discountRate": 50, "promo": "", "orgPrice": 10 },
      "QLD": { "price": 5, "discountRate": 50, "promo": "", "orgPrice": 10 },
      "TAS": { "price": 5, "discountRate": 50, "promo": "", "orgPrice": 10 },
      "ACT": { "price": 5, "discountRate": 50, "promo": "", "orgPrice": 10 }
    },
    "categoryIds": ["c-household"],
    "similarProducts": []
  },
  {
    "id": "razzamatazz-shine-light-pantyhose-black-talls",
    "name": "Shine Light Pantyhose Black Talls",
    "brand": "Razzamatazz",
    "imageUrls": [
      "https://shop.coles.com.au/wcsstore/Coles-CAS/images/1/7/2/1722077.jpg"
    ],
    "storeId": "coles",
    "packageSize": "1 pack",
    "cupPrice": "",
    "locations": {
      "SA": { "price": 5, "discountRate": 50, "promo": "", "orgPrice": 10 },
      "QLD": { "price": 5, "discountRate": 50, "promo": "", "orgPrice": 10 },
      "NSW": { "price": 5, "discountRate": 50, "promo": "", "orgPrice": 10 },
      "WA": { "price": 5, "discountRate": 50, "promo": "", "orgPrice": 10 },
      "TAS": { "price": 5, "discountRate": 50, "promo": "", "orgPrice": 10 },
      "ACT": { "price": 5, "discountRate": 50, "promo": "", "orgPrice": 10 }
    },
    "categoryIds": ["c-household"],
    "similarProducts": []
  },
  {
    "id": "razzamatazz-shine-light-pantyhose-natural-x-tall",
    "name": "Shine Light Pantyhose Natural X Tall",
    "brand": "Razzamatazz",
    "imageUrls": [
      "https://shop.coles.com.au/wcsstore/Coles-CAS/images/1/7/2/1722044.jpg"
    ],
    "storeId": "coles",
    "packageSize": "1 pack",
    "cupPrice": "",
    "locations": {
      "SA": { "price": 5, "discountRate": 50, "promo": "", "orgPrice": 10 },
      "QLD": { "price": 5, "discountRate": 50, "promo": "", "orgPrice": 10 },
      "TAS": { "price": 5, "discountRate": 50, "promo": "", "orgPrice": 10 },
      "ACT": { "price": 5, "discountRate": 50, "promo": "", "orgPrice": 10 }
    },
    "categoryIds": ["c-household"],
    "similarProducts": []
  },
  {
    "id": "razzamatazz-shine-light-pantyhose-natural-average",
    "name": "Shine Light Pantyhose Natural Average",
    "brand": "Razzamatazz",
    "imageUrls": [
      "https://shop.coles.com.au/wcsstore/Coles-CAS/images/1/7/2/1722022.jpg"
    ],
    "storeId": "coles",
    "packageSize": "1 pack",
    "cupPrice": "",
    "locations": {
      "SA": { "price": 5, "discountRate": 50, "promo": "", "orgPrice": 10 },
      "QLD": { "price": 5, "discountRate": 50, "promo": "", "orgPrice": 10 },
      "TAS": { "price": 5, "discountRate": 50, "promo": "", "orgPrice": 10 },
      "ACT": { "price": 5, "discountRate": 50, "promo": "", "orgPrice": 10 }
    },
    "categoryIds": ["c-household"],
    "similarProducts": []
  },
  {
    "id": "razza-lux-anklet-black-size-1",
    "name": "Luxe Anklet Pantyhose Black Size 1",
    "brand": "Razzamatazz",
    "imageUrls": [
      "https://shop.coles.com.au/wcsstore/Coles-CAS/images/3/1/3/3131130.jpg"
    ],
    "storeId": "coles",
    "packageSize": "1 pack",
    "cupPrice": "",
    "locations": {
      "SA": { "price": 2, "discountRate": 50, "promo": "", "orgPrice": 4 },
      "QLD": { "price": 2, "discountRate": 50, "promo": "", "orgPrice": 4 },
      "NSW": { "price": 2, "discountRate": 50, "promo": "", "orgPrice": 4 },
      "WA": { "price": 2, "discountRate": 50, "promo": "", "orgPrice": 4 },
      "TAS": { "price": 2, "discountRate": 50, "promo": "", "orgPrice": 4 },
      "ACT": { "price": 2, "discountRate": 50, "promo": "", "orgPrice": 4 }
    },
    "categoryIds": ["c-household"],
    "similarProducts": []
  },
  {
    "id": "razza-luxury-knee-hi-h80093-blk-size-1",
    "name": "Luxe Knee-Hi Pantyhose Black Size 1",
    "brand": "Razzamatazz",
    "imageUrls": [
      "https://shop.coles.com.au/wcsstore/Coles-CAS/images/3/1/3/3130975.jpg"
    ],
    "storeId": "coles",
    "packageSize": "1 pack",
    "cupPrice": "$2.50 per 1Ea",
    "locations": {
      "SA": { "price": 2.5, "discountRate": 50, "promo": "", "orgPrice": 5 },
      "QLD": { "price": 2.5, "discountRate": 50, "promo": "", "orgPrice": 5 },
      "NSW": { "price": 2.5, "discountRate": 50, "promo": "", "orgPrice": 5 },
      "WA": { "price": 2.5, "discountRate": 50, "promo": "", "orgPrice": 5 },
      "TAS": { "price": 2.5, "discountRate": 50, "promo": "", "orgPrice": 5 },
      "ACT": { "price": 2.5, "discountRate": 50, "promo": "", "orgPrice": 5 }
    },
    "categoryIds": ["c-household"],
    "similarProducts": []
  },
  {
    "id": "razza-ladder-resist-h80080-blk-ave",
    "name": "Ladder Resist Pantyhose Black Average",
    "brand": "Razzamatazz",
    "imageUrls": [
      "https://shop.coles.com.au/wcsstore/Coles-CAS/images/3/1/3/3130330.jpg"
    ],
    "storeId": "coles",
    "packageSize": "1 pack",
    "cupPrice": "$3.00 per 1Ea",
    "locations": {
      "SA": { "price": 3, "discountRate": 50, "promo": "", "orgPrice": 6 },
      "QLD": { "price": 3, "discountRate": 50, "promo": "", "orgPrice": 6 },
      "NSW": { "price": 3, "discountRate": 50, "promo": "", "orgPrice": 6 },
      "WA": { "price": 3, "discountRate": 50, "promo": "", "orgPrice": 6 },
      "TAS": { "price": 3, "discountRate": 50, "promo": "", "orgPrice": 6 },
      "ACT": { "price": 3, "discountRate": 50, "promo": "", "orgPrice": 6 }
    },
    "categoryIds": ["c-household"],
    "similarProducts": []
  },
  {
    "id": "razza-lux-anklet-natural-size-1",
    "name": "Luxe Anklet Pantyhose Natural Size 1",
    "brand": "Razzamatazz",
    "imageUrls": [
      "https://shop.coles.com.au/wcsstore/Coles-CAS/images/3/1/3/3131140.jpg"
    ],
    "storeId": "coles",
    "packageSize": "1 pack",
    "cupPrice": "$2.00 per 1Ea",
    "locations": {
      "SA": { "price": 2, "discountRate": 50, "promo": "", "orgPrice": 4 },
      "QLD": { "price": 2, "discountRate": 50, "promo": "", "orgPrice": 4 },
      "NSW": { "price": 2, "discountRate": 50, "promo": "", "orgPrice": 4 },
      "WA": { "price": 2, "discountRate": 50, "promo": "", "orgPrice": 4 },
      "TAS": { "price": 2, "discountRate": 50, "promo": "", "orgPrice": 4 },
      "ACT": { "price": 2, "discountRate": 50, "promo": "", "orgPrice": 4 }
    },
    "categoryIds": ["c-household"],
    "similarProducts": []
  },
  {
    "id": "razza-luxury-knee-hi-h80093-nat-size-1",
    "name": "Luxe Knee-Hi Pantyhose Natural Size 1",
    "brand": "Razzamatazza",
    "imageUrls": [
      "https://shop.coles.com.au/wcsstore/Coles-CAS/images/3/1/3/3130986.jpg"
    ],
    "storeId": "coles",
    "packageSize": "1 pack",
    "cupPrice": "$2.50 per 1Ea",
    "locations": {
      "SA": { "price": 2.5, "discountRate": 50, "promo": "", "orgPrice": 5 },
      "QLD": { "price": 2.5, "discountRate": 50, "promo": "", "orgPrice": 5 },
      "NSW": { "price": 2.5, "discountRate": 50, "promo": "", "orgPrice": 5 },
      "WA": { "price": 2.5, "discountRate": 50, "promo": "", "orgPrice": 5 },
      "TAS": { "price": 2.5, "discountRate": 50, "promo": "", "orgPrice": 5 },
      "ACT": { "price": 2.5, "discountRate": 50, "promo": "", "orgPrice": 5 }
    },
    "categoryIds": ["c-household"],
    "similarProducts": []
  },
  {
    "id": "sheer-relief-support-knee-hi-h33085",
    "name": "Knee-Hi Support Black Size 1",
    "brand": "Sheer Relief",
    "imageUrls": [
      "https://shop.coles.com.au/wcsstore/Coles-CAS/images/3/1/3/3137409.jpg"
    ],
    "storeId": "coles",
    "packageSize": "1 pack",
    "cupPrice": "$4.00 per 1Ea",
    "locations": {
      "SA": { "price": 4, "discountRate": 50, "promo": "", "orgPrice": 8 },
      "QLD": { "price": 4, "discountRate": 50, "promo": "", "orgPrice": 8 },
      "NSW": { "price": 4, "discountRate": 50, "promo": "", "orgPrice": 8 },
      "WA": { "price": 4, "discountRate": 50, "promo": "", "orgPrice": 8 },
      "TAS": { "price": 4, "discountRate": 50, "promo": "", "orgPrice": 8 },
      "ACT": { "price": 4, "discountRate": 50, "promo": "", "orgPrice": 8 }
    },
    "categoryIds": ["c-household"],
    "similarProducts": []
  },
  {
    "id": "smash-sports-shaker-bottle-850ml",
    "name": "Sports Shaker Bottle",
    "brand": "Smash",
    "imageUrls": [
      "https://shop.coles.com.au/wcsstore/Coles-CAS/images/3/3/8/3380520.jpg"
    ],
    "storeId": "coles",
    "packageSize": "",
    "cupPrice": "$7.00 per 1Ea",
    "locations": {
      "SA": { "price": 7, "discountRate": 50, "promo": "", "orgPrice": 14 },
      "QLD": { "price": 7, "discountRate": 50, "promo": "", "orgPrice": 14 },
      "NSW": { "price": 7, "discountRate": 50, "promo": "", "orgPrice": 14 },
      "TAS": { "price": 7, "discountRate": 50, "promo": "", "orgPrice": 14 },
      "ACT": { "price": 7, "discountRate": 50, "promo": "", "orgPrice": 14 }
    },
    "categoryIds": ["c-household"],
    "similarProducts": []
  },
  {
    "id": "sunsilk-shampoo-detox-for-men",
    "name": "Detox For Men Shampoo",
    "brand": "Sunsilk",
    "imageUrls": [
      "https://shop.coles.com.au/wcsstore/Coles-CAS/images/7/5/4/7547912.jpg"
    ],
    "storeId": "coles",
    "packageSize": "350mL",
    "cupPrice": "$0.79 per 100mL",
    "locations": {
      "SA": { "price": 2.75, "discountRate": 50, "promo": "", "orgPrice": 5.5 },
      "QLD": {
        "price": 2.75,
        "discountRate": 50,
        "promo": "",
        "orgPrice": 5.5
      },
      "NSW": {
        "price": 2.75,
        "discountRate": 50,
        "promo": "",
        "orgPrice": 5.5
      },
      "TAS": {
        "price": 2.75,
        "discountRate": 50,
        "promo": "",
        "orgPrice": 5.5
      },
      "ACT": {
        "price": 2.75,
        "discountRate": 50,
        "promo": "",
        "orgPrice": 5.5
      },
      "NT": { "price": 2.89, "discountRate": 50, "promo": "", "orgPrice": 5.78 }
    },
    "categoryIds": ["c-health-beauty"],
    "similarProducts": []
  },
  {
    "id": "batiste-dark-brown-dry-shampoo",
    "name": "Divine Dark Brown Dry Shampoo Plus",
    "brand": "Batiste",
    "imageUrls": [
      "https://shop.coles.com.au/wcsstore/Coles-CAS/images/2/3/1/2319273.jpg"
    ],
    "storeId": "coles",
    "packageSize": "200mL",
    "cupPrice": "$3.25 per 100mL",
    "locations": {
      "SA": { "price": 6.5, "discountRate": 50, "promo": "", "orgPrice": 13 },
      "QLD": { "price": 6.5, "discountRate": 50, "promo": "", "orgPrice": 13 },
      "NSW": { "price": 6.5, "discountRate": 50, "promo": "", "orgPrice": 13 },
      "TAS": { "price": 6.5, "discountRate": 50, "promo": "", "orgPrice": 13 },
      "NT": {
        "price": 6.82,
        "discountRate": 50,
        "promo": "",
        "orgPrice": 13.65
      }
    },
    "categoryIds": ["c-health-beauty"],
    "similarProducts": []
  },
  {
    "id": "batiste-dry-shampoo-de-frizz",
    "name": "Dry Shampoo & De-frizz With Smoothing Coconut",
    "brand": "Batiste",
    "imageUrls": [
      "https://shop.coles.com.au/wcsstore/Coles-CAS/images/3/5/3/3535059.jpg"
    ],
    "storeId": "coles",
    "packageSize": "200mL",
    "cupPrice": "$3.25 per 100mL",
    "locations": {
      "SA": { "price": 6.5, "discountRate": 50, "promo": "", "orgPrice": 13 },
      "QLD": { "price": 6.5, "discountRate": 50, "promo": "", "orgPrice": 13 },
      "NSW": { "price": 6.5, "discountRate": 50, "promo": "", "orgPrice": 13 },
      "WA": { "price": 6.5, "discountRate": 50, "promo": "", "orgPrice": 13 },
      "TAS": { "price": 6.5, "discountRate": 50, "promo": "", "orgPrice": 13 },
      "ACT": { "price": 6.5, "discountRate": 50, "promo": "", "orgPrice": 13 },
      "NT": {
        "price": 6.82,
        "discountRate": 50,
        "promo": "",
        "orgPrice": 13.65
      }
    },
    "categoryIds": ["c-health-beauty"],
    "similarProducts": []
  },
  {
    "id": "loreal-elnett-hair-spray-very-volume-super-hold",
    "name": "Paris Elnett Satin Very Volume Supreme Hold Hairspray",
    "brand": "L'Oreal",
    "imageUrls": [
      "https://shop.coles.com.au/wcsstore/Coles-CAS/images/8/1/4/8143760.jpg"
    ],
    "storeId": "coles",
    "packageSize": "400mL",
    "cupPrice": "$1.38 per 100mL",
    "locations": {
      "SA": { "price": 5.5, "discountRate": 50, "promo": "", "orgPrice": 11 },
      "QLD": { "price": 5.5, "discountRate": 50, "promo": "", "orgPrice": 11 },
      "NSW": { "price": 5.5, "discountRate": 50, "promo": "", "orgPrice": 11 },
      "WA": { "price": 5.5, "discountRate": 50, "promo": "", "orgPrice": 11 },
      "TAS": { "price": 5.5, "discountRate": 50, "promo": "", "orgPrice": 11 },
      "ACT": { "price": 5.5, "discountRate": 50, "promo": "", "orgPrice": 11 },
      "NT": {
        "price": 5.77,
        "discountRate": 50,
        "promo": "",
        "orgPrice": 11.55
      }
    },
    "categoryIds": ["c-health-beauty"],
    "similarProducts": []
  },
  {
    "id": "loreal-elnett-hairspray-ultra-strength",
    "name": "Paris Elnett Satin Supreme Hold Hairspray",
    "brand": "L'Oreal",
    "imageUrls": [
      "https://shop.coles.com.au/wcsstore/Coles-CAS/images/3/5/3/3536299.jpg"
    ],
    "storeId": "coles",
    "packageSize": "400mL",
    "cupPrice": "$1.38 per 100mL",
    "locations": {
      "SA": { "price": 5.5, "discountRate": 50, "promo": "", "orgPrice": 11 },
      "QLD": { "price": 5.5, "discountRate": 50, "promo": "", "orgPrice": 11 },
      "NSW": { "price": 5.5, "discountRate": 50, "promo": "", "orgPrice": 11 },
      "WA": { "price": 5.5, "discountRate": 50, "promo": "", "orgPrice": 11 },
      "TAS": { "price": 5.5, "discountRate": 50, "promo": "", "orgPrice": 11 },
      "ACT": { "price": 5.5, "discountRate": 50, "promo": "", "orgPrice": 11 },
      "NT": {
        "price": 5.77,
        "discountRate": 50,
        "promo": "",
        "orgPrice": 11.55
      }
    },
    "categoryIds": ["c-health-beauty"],
    "similarProducts": []
  },
  {
    "id": "nivea-body-oil-lotion-cherry-blossom-jojoba",
    "name": "Oil in Lotion Cherry Blossom & Jojoba Oil Scented Body Moisturiser",
    "brand": "Nivea",
    "imageUrls": [
      "https://shop.coles.com.au/wcsstore/Coles-CAS/images/3/4/1/3419171.jpg"
    ],
    "storeId": "coles",
    "packageSize": "400mL",
    "cupPrice": "$1.25 per 100mL",
    "locations": {
      "SA": { "price": 5, "discountRate": 50, "promo": "", "orgPrice": 10 },
      "QLD": { "price": 5, "discountRate": 50, "promo": "", "orgPrice": 10 },
      "NSW": { "price": 5, "discountRate": 50, "promo": "", "orgPrice": 10 },
      "TAS": { "price": 5, "discountRate": 50, "promo": "", "orgPrice": 10 },
      "ACT": { "price": 5, "discountRate": 50, "promo": "", "orgPrice": 10 },
      "NT": { "price": 5.25, "discountRate": 50, "promo": "", "orgPrice": 10.5 }
    },
    "categoryIds": ["c-health-beauty"],
    "similarProducts": []
  },
  {
    "id": "revlon-kiss-fresh-strawberry-balm",
    "name": "Kiss Lip Balm Fresh Strawberry",
    "brand": "Revlon",
    "imageUrls": [
      "https://shop.coles.com.au/wcsstore/Coles-CAS/images/3/0/2/3022815.jpg"
    ],
    "storeId": "coles",
    "packageSize": "1 pack",
    "cupPrice": "$15.38 per 10G",
    "locations": {
      "SA": { "price": 4, "discountRate": 50, "promo": "", "orgPrice": 8 },
      "QLD": { "price": 4, "discountRate": 50, "promo": "", "orgPrice": 8 },
      "NSW": { "price": 4, "discountRate": 50, "promo": "", "orgPrice": 8 },
      "WA": { "price": 4, "discountRate": 50, "promo": "", "orgPrice": 8 },
      "TAS": { "price": 4, "discountRate": 50, "promo": "", "orgPrice": 8 },
      "ACT": { "price": 4, "discountRate": 50, "promo": "", "orgPrice": 8 },
      "NT": { "price": 4.2, "discountRate": 50, "promo": "", "orgPrice": 8.4 }
    },
    "categoryIds": ["c-health-beauty"],
    "similarProducts": []
  },
  {
    "id": "revlon-photoready-candid-light-honey-foundation",
    "name": "Photoready Candid Foundation Light Honey 330",
    "brand": "Revlon",
    "imageUrls": [
      "https://shop.coles.com.au/wcsstore/Coles-CAS/images/3/5/3/3537393.jpg"
    ],
    "storeId": "coles",
    "packageSize": "22mL",
    "cupPrice": "$56.82 per 100mL",
    "locations": {
      "SA": { "price": 12.5, "discountRate": 50, "promo": "", "orgPrice": 25 },
      "QLD": { "price": 12.5, "discountRate": 50, "promo": "", "orgPrice": 25 },
      "NSW": { "price": 12.5, "discountRate": 50, "promo": "", "orgPrice": 25 },
      "WA": { "price": 12.5, "discountRate": 50, "promo": "", "orgPrice": 25 },
      "TAS": { "price": 12.5, "discountRate": 50, "promo": "", "orgPrice": 25 },
      "ACT": { "price": 12.5, "discountRate": 50, "promo": "", "orgPrice": 25 },
      "NT": {
        "price": 13.12,
        "discountRate": 50,
        "promo": "",
        "orgPrice": 26.25
      }
    },
    "categoryIds": ["c-health-beauty"],
    "similarProducts": []
  },
  {
    "id": "revlon-kiss-glow-berry-brilliant-lip-oil",
    "name": "Kiss Glow Berry Brilliant Lip Oil",
    "brand": "Revlon",
    "imageUrls": [
      "https://shop.coles.com.au/wcsstore/Coles-CAS/images/3/6/9/3695011.jpg"
    ],
    "storeId": "coles",
    "packageSize": "6mL",
    "cupPrice": "$16.67 per 10mL",
    "locations": {
      "SA": { "price": 10, "discountRate": 50, "promo": "", "orgPrice": 20 },
      "QLD": { "price": 10, "discountRate": 50, "promo": "", "orgPrice": 20 },
      "NSW": { "price": 10, "discountRate": 50, "promo": "", "orgPrice": 20 },
      "WA": { "price": 10, "discountRate": 50, "promo": "", "orgPrice": 20 },
      "TAS": { "price": 10, "discountRate": 50, "promo": "", "orgPrice": 20 },
      "ACT": { "price": 10, "discountRate": 50, "promo": "", "orgPrice": 20 },
      "NT": { "price": 10.5, "discountRate": 50, "promo": "", "orgPrice": 21 }
    },
    "categoryIds": ["c-health-beauty"],
    "similarProducts": []
  },
  {
    "id": "schick-hydro-5-groomer-kit-2677284p",
    "name": "Hydro 5 Groomer Kit",
    "brand": "Schick",
    "imageUrls": [
      "https://shop.coles.com.au/wcsstore/Coles-CAS/images/2/6/7/2677284.jpg"
    ],
    "storeId": "coles",
    "packageSize": "1 pack",
    "cupPrice": "$10.00 per 1Ea",
    "locations": {
      "SA": { "price": 10, "discountRate": 50, "promo": "", "orgPrice": 20 },
      "QLD": { "price": 10, "discountRate": 50, "promo": "", "orgPrice": 20 },
      "NSW": { "price": 10, "discountRate": 50, "promo": "", "orgPrice": 20 },
      "WA": { "price": 10, "discountRate": 50, "promo": "", "orgPrice": 20 },
      "TAS": { "price": 10, "discountRate": 50, "promo": "", "orgPrice": 20 },
      "ACT": { "price": 10, "discountRate": 50, "promo": "", "orgPrice": 20 },
      "NT": { "price": 10, "discountRate": 50, "promo": "", "orgPrice": 20 }
    },
    "categoryIds": ["c-health-beauty"],
    "similarProducts": []
  },
  {
    "id": "revlon-tropical-coconut-balm",
    "name": "Kiss Lip Balm Tropical Coconut",
    "brand": "Revlon",
    "imageUrls": [
      "https://shop.coles.com.au/wcsstore/Coles-CAS/images/3/0/2/3022790.jpg"
    ],
    "storeId": "coles",
    "packageSize": "1 pack",
    "cupPrice": "$15.38 per 10G",
    "locations": {
      "SA": { "price": 4, "discountRate": 50, "promo": "", "orgPrice": 8 },
      "QLD": { "price": 4, "discountRate": 50, "promo": "", "orgPrice": 8 },
      "NSW": { "price": 4, "discountRate": 50, "promo": "", "orgPrice": 8 },
      "ACT": { "price": 4, "discountRate": 50, "promo": "", "orgPrice": 8 }
    },
    "categoryIds": ["c-health-beauty"],
    "similarProducts": []
  },
  {
    "id": "revlon-blackest-black-mascara",
    "name": "Volume + Length Magnified Waterproof Mascara Blackest Black",
    "brand": "Revlon",
    "imageUrls": [
      "https://shop.coles.com.au/wcsstore/Coles-CAS/images/3/0/2/3022779.jpg"
    ],
    "storeId": "coles",
    "packageSize": "8.5mL",
    "cupPrice": "$12.94 per 10mL",
    "locations": {
      "SA": { "price": 11, "discountRate": 50, "promo": "", "orgPrice": 22 },
      "QLD": { "price": 11, "discountRate": 50, "promo": "", "orgPrice": 22 },
      "NSW": { "price": 11, "discountRate": 50, "promo": "", "orgPrice": 22 },
      "WA": { "price": 11, "discountRate": 50, "promo": "", "orgPrice": 22 },
      "TAS": { "price": 11, "discountRate": 50, "promo": "", "orgPrice": 22 },
      "ACT": { "price": 11, "discountRate": 50, "promo": "", "orgPrice": 22 },
      "NT": {
        "price": 11.55,
        "discountRate": 50,
        "promo": "",
        "orgPrice": 23.1
      }
    },
    "categoryIds": ["c-health-beauty"],
    "similarProducts": []
  },
  {
    "id": "revlon-kiss-crisp-apple-balm",
    "name": "Kiss Lip Balm Crisp Apple",
    "brand": "Revlon",
    "imageUrls": [
      "https://shop.coles.com.au/wcsstore/Coles-CAS/images/3/0/2/3022837.jpg"
    ],
    "storeId": "coles",
    "packageSize": "1 pack",
    "cupPrice": "$15.38 per 10G",
    "locations": {
      "SA": { "price": 4, "discountRate": 50, "promo": "", "orgPrice": 8 },
      "QLD": { "price": 4, "discountRate": 50, "promo": "", "orgPrice": 8 },
      "NSW": { "price": 4, "discountRate": 50, "promo": "", "orgPrice": 8 },
      "ACT": { "price": 4, "discountRate": 50, "promo": "", "orgPrice": 8 }
    },
    "categoryIds": ["c-health-beauty"],
    "similarProducts": []
  },
  {
    "id": "revlon-normal-dry-colorstay-nat-beige-foundation",
    "name": "Colorstay Makeup For Normal/Dry Skin Natural Beige Foundation",
    "brand": "Revlon",
    "imageUrls": [
      "https://shop.coles.com.au/wcsstore/Coles-CAS/images/3/0/1/3019832.jpg"
    ],
    "storeId": "coles",
    "packageSize": "30mL",
    "cupPrice": "$5.83 per 10mL",
    "locations": {
      "SA": { "price": 17.5, "discountRate": 50, "promo": "", "orgPrice": 35 },
      "QLD": { "price": 17.5, "discountRate": 50, "promo": "", "orgPrice": 35 },
      "NSW": { "price": 17.5, "discountRate": 50, "promo": "", "orgPrice": 35 },
      "WA": { "price": 17.5, "discountRate": 50, "promo": "", "orgPrice": 35 },
      "TAS": { "price": 17.5, "discountRate": 50, "promo": "", "orgPrice": 35 },
      "ACT": { "price": 17.5, "discountRate": 50, "promo": "", "orgPrice": 35 },
      "NT": {
        "price": 18.37,
        "discountRate": 50,
        "promo": "",
        "orgPrice": 36.75
      }
    },
    "categoryIds": ["c-health-beauty"],
    "similarProducts": []
  },
  {
    "id": "revlon-normal-dry-colorstay-sand-beige-foundation",
    "name": "Colorstay Makeup For Normal/Dry Skin Sand Beige Foundation",
    "brand": "Revlon",
    "imageUrls": [
      "https://shop.coles.com.au/wcsstore/Coles-CAS/images/3/0/1/3019810.jpg"
    ],
    "storeId": "coles",
    "packageSize": "30mL",
    "cupPrice": "$5.83 per 10mL",
    "locations": {
      "SA": { "price": 17.5, "discountRate": 50, "promo": "", "orgPrice": 35 },
      "QLD": { "price": 17.5, "discountRate": 50, "promo": "", "orgPrice": 35 },
      "NSW": { "price": 17.5, "discountRate": 50, "promo": "", "orgPrice": 35 },
      "WA": { "price": 17.5, "discountRate": 50, "promo": "", "orgPrice": 35 },
      "TAS": { "price": 17.5, "discountRate": 50, "promo": "", "orgPrice": 35 },
      "ACT": { "price": 17.5, "discountRate": 50, "promo": "", "orgPrice": 35 },
      "NT": {
        "price": 18.37,
        "discountRate": 50,
        "promo": "",
        "orgPrice": 36.75
      }
    },
    "categoryIds": ["c-health-beauty"],
    "similarProducts": []
  },
  {
    "id": "revlon-normal--dry-colorstay",
    "name": "Colorstay Makeup For Normal/Dry Skin Buff Foundation",
    "brand": "Revlon",
    "imageUrls": [
      "https://shop.coles.com.au/wcsstore/Coles-CAS/images/3/0/1/3019774.jpg"
    ],
    "storeId": "coles",
    "packageSize": "30mL",
    "cupPrice": "$5.83 per 10mL",
    "locations": {
      "SA": { "price": 17.5, "discountRate": 50, "promo": "", "orgPrice": 35 },
      "QLD": { "price": 17.5, "discountRate": 50, "promo": "", "orgPrice": 35 },
      "NSW": { "price": 17.5, "discountRate": 50, "promo": "", "orgPrice": 35 },
      "ACT": { "price": 17.5, "discountRate": 50, "promo": "", "orgPrice": 35 }
    },
    "categoryIds": ["c-health-beauty"],
    "similarProducts": []
  },
  {
    "id": "revlon-colorstay-dark-brown-brow-pencil",
    "name": "Colorstay Brow Makeup Pencil Dark Brown",
    "brand": "Revlon",
    "imageUrls": [
      "https://shop.coles.com.au/wcsstore/Coles-CAS/images/3/0/2/3021630.jpg"
    ],
    "storeId": "coles",
    "packageSize": "1 pack",
    "cupPrice": "$328.57 per 10G",
    "locations": {
      "SA": { "price": 11.5, "discountRate": 50, "promo": "", "orgPrice": 23 },
      "QLD": { "price": 11.5, "discountRate": 50, "promo": "", "orgPrice": 23 },
      "NSW": { "price": 11.5, "discountRate": 50, "promo": "", "orgPrice": 23 },
      "WA": { "price": 11.5, "discountRate": 50, "promo": "", "orgPrice": 23 },
      "TAS": { "price": 11.5, "discountRate": 50, "promo": "", "orgPrice": 23 },
      "ACT": { "price": 11.5, "discountRate": 50, "promo": "", "orgPrice": 23 },
      "NT": {
        "price": 12.07,
        "discountRate": 50,
        "promo": "",
        "orgPrice": 24.15
      }
    },
    "categoryIds": ["c-health-beauty"],
    "similarProducts": []
  },
  {
    "id": "revlon-photoready-light-med-powder",
    "name": "Photoready Powder Light Medium",
    "brand": "Revlon",
    "imageUrls": [
      "https://shop.coles.com.au/wcsstore/Coles-CAS/images/3/0/2/3020525.jpg"
    ],
    "storeId": "coles",
    "packageSize": "7.1g",
    "cupPrice": "$26.06 per 10G",
    "locations": {
      "SA": { "price": 18.5, "discountRate": 50, "promo": "", "orgPrice": 37 },
      "QLD": { "price": 18.5, "discountRate": 50, "promo": "", "orgPrice": 37 },
      "NSW": { "price": 18.5, "discountRate": 50, "promo": "", "orgPrice": 37 },
      "ACT": { "price": 18.5, "discountRate": 50, "promo": "", "orgPrice": 37 }
    },
    "categoryIds": ["c-health-beauty"],
    "similarProducts": []
  },
  {
    "id": "revlon-mega-multiplier-blackest-black-mascara",
    "name": "Mega Multiplier Mascara Blackest Black",
    "brand": "Revlon",
    "imageUrls": [
      "https://shop.coles.com.au/wcsstore/Coles-CAS/images/3/1/4/3140618.jpg"
    ],
    "storeId": "coles",
    "packageSize": "8.5mL",
    "cupPrice": "$14.12 per 10mL",
    "locations": {
      "SA": { "price": 12, "discountRate": 50, "promo": "", "orgPrice": 24 },
      "QLD": { "price": 12, "discountRate": 50, "promo": "", "orgPrice": 24 },
      "NSW": { "price": 12, "discountRate": 50, "promo": "", "orgPrice": 24 },
      "WA": { "price": 12, "discountRate": 50, "promo": "", "orgPrice": 24 },
      "TAS": { "price": 12, "discountRate": 50, "promo": "", "orgPrice": 24 },
      "ACT": { "price": 12, "discountRate": 50, "promo": "", "orgPrice": 24 },
      "NT": { "price": 12.6, "discountRate": 50, "promo": "", "orgPrice": 25.2 }
    },
    "categoryIds": ["c-health-beauty"],
    "similarProducts": []
  },
  {
    "id": "revlon-super-lustrous-smokey-rose-lipstick",
    "name": "Super Lustrous Smokey Rose Lipstick",
    "brand": "Revlon",
    "imageUrls": [
      "https://shop.coles.com.au/wcsstore/Coles-CAS/images/3/5/3/3538363.jpg"
    ],
    "storeId": "coles",
    "packageSize": "4.2g",
    "cupPrice": "$29.76 per 10G",
    "locations": {
      "SA": { "price": 12.5, "discountRate": 50, "promo": "", "orgPrice": 25 },
      "QLD": { "price": 12.5, "discountRate": 50, "promo": "", "orgPrice": 25 },
      "NSW": { "price": 12.5, "discountRate": 50, "promo": "", "orgPrice": 25 },
      "ACT": { "price": 12.5, "discountRate": 50, "promo": "", "orgPrice": 25 }
    },
    "categoryIds": ["c-health-beauty"],
    "similarProducts": []
  },
  {
    "id": "revlon-colorstay-prep-protect-primer",
    "name": "Colorstay Prep & Protect Primer",
    "brand": "Revlon",
    "imageUrls": [
      "https://shop.coles.com.au/wcsstore/Coles-CAS/images/3/5/3/3537870.jpg"
    ],
    "storeId": "coles",
    "packageSize": "26.6mL",
    "cupPrice": "$5.64 per 10mL",
    "locations": {
      "SA": { "price": 15, "discountRate": 50, "promo": "", "orgPrice": 30 },
      "QLD": { "price": 15, "discountRate": 50, "promo": "", "orgPrice": 30 },
      "NSW": { "price": 15, "discountRate": 50, "promo": "", "orgPrice": 30 },
      "ACT": { "price": 15, "discountRate": 50, "promo": "", "orgPrice": 30 }
    },
    "categoryIds": ["c-health-beauty"],
    "similarProducts": []
  },
  {
    "id": "revlon-super-lustrous-rosy-future-lipgloss",
    "name": "Super Lustrous Lip Gloss Rosy Future 260",
    "brand": "Revlon",
    "imageUrls": [
      "https://shop.coles.com.au/wcsstore/Coles-CAS/images/3/5/3/3537269.jpg"
    ],
    "storeId": "coles",
    "packageSize": "3.8mL",
    "cupPrice": "$32.89 per 10mL",
    "locations": {
      "SA": { "price": 12.5, "discountRate": 50, "promo": "", "orgPrice": 25 },
      "QLD": { "price": 12.5, "discountRate": 50, "promo": "", "orgPrice": 25 },
      "NSW": { "price": 12.5, "discountRate": 50, "promo": "", "orgPrice": 25 },
      "ACT": { "price": 12.5, "discountRate": 50, "promo": "", "orgPrice": 25 }
    },
    "categoryIds": ["c-health-beauty"],
    "similarProducts": []
  },
  {
    "id": "revlon-super-lustrous-soft-silver-rose-lipstick",
    "name": "Super Lustrous Soft Silver Rose Lipstick",
    "brand": "Revlon",
    "imageUrls": [
      "https://shop.coles.com.au/wcsstore/Coles-CAS/images/3/5/3/3538341.jpg"
    ],
    "storeId": "coles",
    "packageSize": "4.2g",
    "cupPrice": "$29.76 per 10G",
    "locations": {
      "SA": { "price": 12.5, "discountRate": 50, "promo": "", "orgPrice": 25 },
      "QLD": { "price": 12.5, "discountRate": 50, "promo": "", "orgPrice": 25 },
      "NSW": { "price": 12.5, "discountRate": 50, "promo": "", "orgPrice": 25 },
      "WA": { "price": 12.5, "discountRate": 50, "promo": "", "orgPrice": 25 },
      "TAS": { "price": 12.5, "discountRate": 50, "promo": "", "orgPrice": 25 },
      "ACT": { "price": 12.5, "discountRate": 50, "promo": "", "orgPrice": 25 },
      "NT": {
        "price": 13.12,
        "discountRate": 50,
        "promo": "",
        "orgPrice": 26.25
      }
    },
    "categoryIds": ["c-health-beauty"],
    "similarProducts": []
  },
  {
    "id": "revlon-photoready-candid-creme-brulee-concealer",
    "name": "Photoready Candid Antioxidant Concealer Creme Brulee 025",
    "brand": "Revlon",
    "imageUrls": [
      "https://shop.coles.com.au/wcsstore/Coles-CAS/images/3/5/3/3537520.jpg"
    ],
    "storeId": "coles",
    "packageSize": "10mL",
    "cupPrice": "$10.00 per 10mL",
    "locations": {
      "SA": { "price": 10, "discountRate": 50, "promo": "", "orgPrice": 20 },
      "QLD": { "price": 10, "discountRate": 50, "promo": "", "orgPrice": 20 },
      "NSW": { "price": 10, "discountRate": 50, "promo": "", "orgPrice": 20 },
      "WA": { "price": 10, "discountRate": 50, "promo": "", "orgPrice": 20 },
      "TAS": { "price": 10, "discountRate": 50, "promo": "", "orgPrice": 20 },
      "ACT": { "price": 10, "discountRate": 50, "promo": "", "orgPrice": 20 },
      "NT": { "price": 10.5, "discountRate": 50, "promo": "", "orgPrice": 21 }
    },
    "categoryIds": ["c-health-beauty"],
    "similarProducts": []
  },
  {
    "id": "schwarzkopf-specialist-10-1-cool-ultimate-blonde",
    "name": "Colour Specialist 10-1 Cool Ultimate Blonde",
    "brand": "Schwarzkopf",
    "imageUrls": [
      "https://shop.coles.com.au/wcsstore/Coles-CAS/images/3/2/7/3279334.jpg"
    ],
    "storeId": "coles",
    "packageSize": "1 pack",
    "cupPrice": "$9.50 per 1Ea",
    "locations": {
      "SA": { "price": 9.5, "discountRate": 50, "promo": "", "orgPrice": 19 },
      "QLD": { "price": 9.5, "discountRate": 50, "promo": "", "orgPrice": 19 },
      "NSW": { "price": 9.5, "discountRate": 50, "promo": "", "orgPrice": 19 },
      "WA": { "price": 9.5, "discountRate": 50, "promo": "", "orgPrice": 19 },
      "ACT": { "price": 9.5, "discountRate": 50, "promo": "", "orgPrice": 19 },
      "NT": {
        "price": 9.97,
        "discountRate": 50,
        "promo": "",
        "orgPrice": 19.950000000000003
      }
    },
    "categoryIds": ["c-health-beauty"],
    "similarProducts": []
  },
  {
    "id": "sunsilk-refreshing-hydration-shampoo-1854271p",
    "name": "Refreshing Hydration Shampoo",
    "brand": "Sunsilk",
    "imageUrls": [
      "https://shop.coles.com.au/wcsstore/Coles-CAS/images/1/8/5/1854271.jpg"
    ],
    "storeId": "coles",
    "packageSize": "700mL",
    "cupPrice": "$0.71 per 100mL",
    "locations": {
      "SA": { "price": 5, "discountRate": 50, "promo": "", "orgPrice": 10 },
      "QLD": { "price": 5, "discountRate": 50, "promo": "", "orgPrice": 10 },
      "NSW": { "price": 5, "discountRate": 50, "promo": "", "orgPrice": 10 },
      "WA": { "price": 5, "discountRate": 50, "promo": "", "orgPrice": 10 },
      "TAS": { "price": 5, "discountRate": 50, "promo": "", "orgPrice": 10 },
      "ACT": { "price": 5, "discountRate": 50, "promo": "", "orgPrice": 10 },
      "NT": { "price": 5.25, "discountRate": 50, "promo": "", "orgPrice": 10.5 }
    },
    "categoryIds": ["c-health-beauty"],
    "similarProducts": []
  },
  {
    "id": "loreal-elnett-hair-spray-normal-strength",
    "name": "Elnett Normal Strength Hair Spray",
    "brand": "L'Oreal",
    "imageUrls": [
      "https://shop.coles.com.au/wcsstore/Coles-CAS/images/8/1/4/8143715.jpg"
    ],
    "storeId": "coles",
    "packageSize": "400mL",
    "cupPrice": "$1.38 per 100mL",
    "locations": {
      "SA": { "price": 5.5, "discountRate": 50, "promo": "", "orgPrice": 11 },
      "QLD": { "price": 5.5, "discountRate": 50, "promo": "", "orgPrice": 11 },
      "NSW": { "price": 5.5, "discountRate": 50, "promo": "", "orgPrice": 11 },
      "TAS": { "price": 5.5, "discountRate": 50, "promo": "", "orgPrice": 11 },
      "NT": {
        "price": 5.77,
        "discountRate": 50,
        "promo": "",
        "orgPrice": 11.55
      }
    },
    "categoryIds": ["c-health-beauty"],
    "similarProducts": []
  },
  {
    "id": "loreal-elnett-hairspray-argan-oil",
    "name": "Paris Elnett Satin Extra Strength Argan Oil Hairspray",
    "brand": "L'Oreal",
    "imageUrls": [
      "https://shop.coles.com.au/wcsstore/Coles-CAS/images/3/5/3/3536324.jpg"
    ],
    "storeId": "coles",
    "packageSize": "75mL",
    "cupPrice": "$3.33 per 100mL",
    "locations": {
      "SA": { "price": 2.5, "discountRate": 50, "promo": "", "orgPrice": 5 },
      "QLD": { "price": 2.5, "discountRate": 50, "promo": "", "orgPrice": 5 },
      "NSW": { "price": 2.5, "discountRate": 50, "promo": "", "orgPrice": 5 },
      "TAS": { "price": 2.5, "discountRate": 50, "promo": "", "orgPrice": 5 },
      "NT": { "price": 2.62, "discountRate": 50, "promo": "", "orgPrice": 5.25 }
    },
    "categoryIds": ["c-health-beauty"],
    "similarProducts": []
  },
  {
    "id": "loreal-elnett-hairspray-ultra-strength-3536302p",
    "name": "Paris Elnett Satin Supreme Hold Hairspray",
    "brand": "L'Oreal",
    "imageUrls": [
      "https://shop.coles.com.au/wcsstore/Coles-CAS/images/3/5/3/3536302.jpg"
    ],
    "storeId": "coles",
    "packageSize": "75mL",
    "cupPrice": "$3.33 per 100mL",
    "locations": {
      "SA": { "price": 2.5, "discountRate": 50, "promo": "", "orgPrice": 5 },
      "QLD": { "price": 2.5, "discountRate": 50, "promo": "", "orgPrice": 5 },
      "NSW": { "price": 2.5, "discountRate": 50, "promo": "", "orgPrice": 5 },
      "TAS": { "price": 2.5, "discountRate": 50, "promo": "", "orgPrice": 5 },
      "NT": { "price": 2.62, "discountRate": 50, "promo": "", "orgPrice": 5.25 }
    },
    "categoryIds": ["c-health-beauty"],
    "similarProducts": []
  },
  {
    "id": "loreal-elnett-hairspray-flexible-hold-3536288p",
    "name": "Paris Elnett Flexible Hold Hairspray",
    "brand": "L'Oreal",
    "imageUrls": [
      "https://shop.coles.com.au/wcsstore/Coles-CAS/images/3/5/3/3536288.jpg"
    ],
    "storeId": "coles",
    "packageSize": "400mL",
    "cupPrice": "$1.38 per 100mL",
    "locations": {
      "SA": { "price": 5.5, "discountRate": 50, "promo": "", "orgPrice": 11 },
      "QLD": { "price": 5.5, "discountRate": 50, "promo": "", "orgPrice": 11 },
      "NSW": { "price": 5.5, "discountRate": 50, "promo": "", "orgPrice": 11 },
      "TAS": { "price": 5.5, "discountRate": 50, "promo": "", "orgPrice": 11 },
      "NT": {
        "price": 5.77,
        "discountRate": 50,
        "promo": "",
        "orgPrice": 11.55
      }
    },
    "categoryIds": ["c-health-beauty"],
    "similarProducts": []
  },
  {
    "id": "revlon-medium-pressed-powder",
    "name": "Colorstay Pressed Powder Medium",
    "brand": "Revlon",
    "imageUrls": [
      "https://shop.coles.com.au/wcsstore/Coles-CAS/images/3/0/2/3021620.jpg"
    ],
    "storeId": "coles",
    "packageSize": "8.4g",
    "cupPrice": "$20.83 per 10G",
    "locations": {
      "SA": { "price": 17.5, "discountRate": 50, "promo": "", "orgPrice": 35 },
      "QLD": { "price": 17.5, "discountRate": 50, "promo": "", "orgPrice": 35 },
      "NSW": { "price": 17.5, "discountRate": 50, "promo": "", "orgPrice": 35 },
      "WA": { "price": 17.5, "discountRate": 50, "promo": "", "orgPrice": 35 },
      "TAS": { "price": 17.5, "discountRate": 50, "promo": "", "orgPrice": 35 },
      "ACT": { "price": 17.5, "discountRate": 50, "promo": "", "orgPrice": 35 },
      "NT": {
        "price": 18.37,
        "discountRate": 50,
        "promo": "",
        "orgPrice": 36.75
      }
    },
    "categoryIds": ["c-health-beauty"],
    "similarProducts": []
  },
  {
    "id": "revlon-seduction-matte-lipcolor",
    "name": "Ultra HD Matte Lipcolor Seduction Lipstick",
    "brand": "Revlon",
    "imageUrls": [
      "https://shop.coles.com.au/wcsstore/Coles-CAS/images/3/0/2/3021561.jpg"
    ],
    "storeId": "coles",
    "packageSize": "5.9mL",
    "cupPrice": "$21.19 per 10mL",
    "locations": {
      "SA": { "price": 12.5, "discountRate": 50, "promo": "", "orgPrice": 25 },
      "QLD": { "price": 12.5, "discountRate": 50, "promo": "", "orgPrice": 25 },
      "NSW": { "price": 12.5, "discountRate": 50, "promo": "", "orgPrice": 25 },
      "WA": { "price": 12.5, "discountRate": 50, "promo": "", "orgPrice": 25 },
      "TAS": { "price": 12.5, "discountRate": 50, "promo": "", "orgPrice": 25 },
      "ACT": { "price": 12.5, "discountRate": 50, "promo": "", "orgPrice": 25 },
      "NT": {
        "price": 13.12,
        "discountRate": 50,
        "promo": "",
        "orgPrice": 26.25
      }
    },
    "categoryIds": ["c-health-beauty"],
    "similarProducts": []
  },
  {
    "id": "revlon-addiction-matte-lipcolor",
    "name": "Ultra HD Matte Lipcolor Addiction Lipstick",
    "brand": "Revlon",
    "imageUrls": [
      "https://shop.coles.com.au/wcsstore/Coles-CAS/images/3/0/2/3021470.jpg"
    ],
    "storeId": "coles",
    "packageSize": "5.9mL",
    "cupPrice": "$21.19 per 10mL",
    "locations": {
      "SA": { "price": 12.5, "discountRate": 50, "promo": "", "orgPrice": 25 },
      "QLD": { "price": 12.5, "discountRate": 50, "promo": "", "orgPrice": 25 },
      "NSW": { "price": 12.5, "discountRate": 50, "promo": "", "orgPrice": 25 },
      "ACT": { "price": 12.5, "discountRate": 50, "promo": "", "orgPrice": 25 }
    },
    "categoryIds": ["c-health-beauty"],
    "similarProducts": []
  },
  {
    "id": "revlon-devotion-matte-lipcolor",
    "name": "Ultra HD Matte Lipcolor Devotion Lipstick",
    "brand": "Revlon",
    "imageUrls": [
      "https://shop.coles.com.au/wcsstore/Coles-CAS/images/3/0/2/3021437.jpg"
    ],
    "storeId": "coles",
    "packageSize": "5.9mL",
    "cupPrice": "$21.19 per 10mL",
    "locations": {
      "SA": { "price": 12.5, "discountRate": 50, "promo": "", "orgPrice": 25 },
      "QLD": { "price": 12.5, "discountRate": 50, "promo": "", "orgPrice": 25 },
      "NSW": { "price": 12.5, "discountRate": 50, "promo": "", "orgPrice": 25 },
      "WA": { "price": 12.5, "discountRate": 50, "promo": "", "orgPrice": 25 },
      "TAS": { "price": 12.5, "discountRate": 50, "promo": "", "orgPrice": 25 },
      "ACT": { "price": 12.5, "discountRate": 50, "promo": "", "orgPrice": 25 },
      "NT": {
        "price": 13.12,
        "discountRate": 50,
        "promo": "",
        "orgPrice": 26.25
      }
    },
    "categoryIds": ["c-health-beauty"],
    "similarProducts": []
  },
  {
    "id": "revlon-pressed-powder-light",
    "name": "Colorstay Pressed Powder Light",
    "brand": "Revlon",
    "imageUrls": [
      "https://shop.coles.com.au/wcsstore/Coles-CAS/images/3/0/2/3022881.jpg"
    ],
    "storeId": "coles",
    "packageSize": "8.4g",
    "cupPrice": "$20.83 per 10G",
    "locations": {
      "SA": { "price": 17.5, "discountRate": 50, "promo": "", "orgPrice": 35 },
      "QLD": { "price": 17.5, "discountRate": 50, "promo": "", "orgPrice": 35 },
      "NSW": { "price": 17.5, "discountRate": 50, "promo": "", "orgPrice": 35 },
      "ACT": { "price": 17.5, "discountRate": 50, "promo": "", "orgPrice": 35 }
    },
    "categoryIds": ["c-health-beauty"],
    "similarProducts": []
  },
  {
    "id": "revlon-concealer",
    "name": "Colorstay Concealer Light Medium",
    "brand": "Revlon",
    "imageUrls": [
      "https://shop.coles.com.au/wcsstore/Coles-CAS/images/3/0/2/3022586.jpg"
    ],
    "storeId": "coles",
    "packageSize": "6mL",
    "cupPrice": "$22.50 per 10mL",
    "locations": {
      "SA": { "price": 13.5, "discountRate": 50, "promo": "", "orgPrice": 27 },
      "QLD": { "price": 13.5, "discountRate": 50, "promo": "", "orgPrice": 27 },
      "NSW": { "price": 13.5, "discountRate": 50, "promo": "", "orgPrice": 27 },
      "WA": { "price": 13.5, "discountRate": 50, "promo": "", "orgPrice": 27 },
      "TAS": { "price": 13.5, "discountRate": 50, "promo": "", "orgPrice": 27 },
      "ACT": { "price": 13.5, "discountRate": 50, "promo": "", "orgPrice": 27 },
      "NT": {
        "price": 14.17,
        "discountRate": 50,
        "promo": "",
        "orgPrice": 28.35
      }
    },
    "categoryIds": ["c-health-beauty"],
    "similarProducts": []
  },
  {
    "id": "revlon-concealer-3022575p",
    "name": "Colorstay Concealer Light",
    "brand": "Revlon",
    "imageUrls": [
      "https://shop.coles.com.au/wcsstore/Coles-CAS/images/3/0/2/3022575.jpg"
    ],
    "storeId": "coles",
    "packageSize": "6mL",
    "cupPrice": "$22.50 per 10mL",
    "locations": {
      "SA": { "price": 13.5, "discountRate": 50, "promo": "", "orgPrice": 27 },
      "QLD": { "price": 13.5, "discountRate": 50, "promo": "", "orgPrice": 27 },
      "NSW": { "price": 13.5, "discountRate": 50, "promo": "", "orgPrice": 27 },
      "WA": { "price": 13.5, "discountRate": 50, "promo": "", "orgPrice": 27 },
      "TAS": { "price": 13.5, "discountRate": 50, "promo": "", "orgPrice": 27 },
      "ACT": { "price": 13.5, "discountRate": 50, "promo": "", "orgPrice": 27 },
      "NT": {
        "price": 14.17,
        "discountRate": 50,
        "promo": "",
        "orgPrice": 28.35
      }
    },
    "categoryIds": ["c-health-beauty"],
    "similarProducts": []
  },
  {
    "id": "revlon-photoready-prefecting-primer",
    "name": "Photoready Perfecting Makeup Primer",
    "brand": "Revlon",
    "imageUrls": [
      "https://shop.coles.com.au/wcsstore/Coles-CAS/images/3/0/2/3023400.jpg"
    ],
    "storeId": "coles",
    "packageSize": "27mL",
    "cupPrice": "$5.56 per 10mL",
    "locations": {
      "SA": { "price": 15, "discountRate": 50, "promo": "", "orgPrice": 30 },
      "QLD": { "price": 15, "discountRate": 50, "promo": "", "orgPrice": 30 },
      "NSW": { "price": 15, "discountRate": 50, "promo": "", "orgPrice": 30 },
      "TAS": { "price": 15, "discountRate": 50, "promo": "", "orgPrice": 30 },
      "ACT": { "price": 15, "discountRate": 50, "promo": "", "orgPrice": 30 },
      "NT": {
        "price": 15.75,
        "discountRate": 50,
        "promo": "",
        "orgPrice": 31.5
      }
    },
    "categoryIds": ["c-health-beauty"],
    "similarProducts": []
  },
  {
    "id": "revlon-blackest-black-mascara-3022666p",
    "name": "Volume + Length Magnified Mascara Blackest Black",
    "brand": "Revlon",
    "imageUrls": [
      "https://shop.coles.com.au/wcsstore/Coles-CAS/images/3/0/2/3022666.jpg"
    ],
    "storeId": "coles",
    "packageSize": "8.5mL",
    "cupPrice": "$12.94 per 10mL",
    "locations": {
      "SA": { "price": 11, "discountRate": 50, "promo": "", "orgPrice": 22 },
      "QLD": { "price": 11, "discountRate": 50, "promo": "", "orgPrice": 22 },
      "NSW": { "price": 11, "discountRate": 50, "promo": "", "orgPrice": 22 },
      "WA": { "price": 11, "discountRate": 50, "promo": "", "orgPrice": 22 },
      "TAS": { "price": 11, "discountRate": 50, "promo": "", "orgPrice": 22 },
      "ACT": { "price": 11, "discountRate": 50, "promo": "", "orgPrice": 22 },
      "NT": {
        "price": 11.55,
        "discountRate": 50,
        "promo": "",
        "orgPrice": 23.1
      }
    },
    "categoryIds": ["c-health-beauty"],
    "similarProducts": []
  },
  {
    "id": "revlon-normal-dry-fresh-beige",
    "name": "Colorstay Makeup For Normal/Dry Skin Fresh Beige Foundation",
    "brand": "Revlon",
    "imageUrls": [
      "https://shop.coles.com.au/wcsstore/Coles-CAS/images/3/0/2/3022553.jpg"
    ],
    "storeId": "coles",
    "packageSize": "30mL",
    "cupPrice": "$5.83 per 10mL",
    "locations": {
      "SA": { "price": 17.5, "discountRate": 50, "promo": "", "orgPrice": 35 },
      "QLD": { "price": 17.5, "discountRate": 50, "promo": "", "orgPrice": 35 },
      "NSW": { "price": 17.5, "discountRate": 50, "promo": "", "orgPrice": 35 },
      "WA": { "price": 17.5, "discountRate": 50, "promo": "", "orgPrice": 35 },
      "TAS": { "price": 17.5, "discountRate": 50, "promo": "", "orgPrice": 35 },
      "ACT": { "price": 17.5, "discountRate": 50, "promo": "", "orgPrice": 35 },
      "NT": {
        "price": 18.37,
        "discountRate": 50,
        "promo": "",
        "orgPrice": 36.75
      }
    },
    "categoryIds": ["c-health-beauty"],
    "similarProducts": []
  },
  {
    "id": "revlon-blackest-black-mascara-3021721p",
    "name": "Ultimate All-In-One? Mascara Blackest Black",
    "brand": "Revlon",
    "imageUrls": [
      "https://shop.coles.com.au/wcsstore/Coles-CAS/images/3/0/2/3021721.jpg"
    ],
    "storeId": "coles",
    "packageSize": "8.5mL",
    "cupPrice": "$14.12 per 10mL",
    "locations": {
      "SA": { "price": 12, "discountRate": 50, "promo": "", "orgPrice": 24 },
      "QLD": { "price": 12, "discountRate": 50, "promo": "", "orgPrice": 24 },
      "NSW": { "price": 12, "discountRate": 50, "promo": "", "orgPrice": 24 },
      "WA": { "price": 12, "discountRate": 50, "promo": "", "orgPrice": 24 },
      "TAS": { "price": 12, "discountRate": 50, "promo": "", "orgPrice": 24 },
      "ACT": { "price": 12, "discountRate": 50, "promo": "", "orgPrice": 24 },
      "NT": { "price": 12.6, "discountRate": 50, "promo": "", "orgPrice": 25.2 }
    },
    "categoryIds": ["c-health-beauty"],
    "similarProducts": []
  },
  {
    "id": "revlon-black-brown-eyeliner",
    "name": "ColorStay Eye Liner Black Brown",
    "brand": "Revlon",
    "imageUrls": [
      "https://shop.coles.com.au/wcsstore/Coles-CAS/images/3/0/2/3021696.jpg"
    ],
    "storeId": "coles",
    "packageSize": "0.28g",
    "cupPrice": "$428.57 per 10G",
    "locations": {
      "SA": { "price": 12, "discountRate": 50, "promo": "", "orgPrice": 24 },
      "QLD": { "price": 12, "discountRate": 50, "promo": "", "orgPrice": 24 },
      "NSW": { "price": 12, "discountRate": 50, "promo": "", "orgPrice": 24 },
      "WA": { "price": 12, "discountRate": 50, "promo": "", "orgPrice": 24 },
      "TAS": { "price": 12, "discountRate": 50, "promo": "", "orgPrice": 24 },
      "ACT": { "price": 12, "discountRate": 50, "promo": "", "orgPrice": 24 },
      "NT": { "price": 12.6, "discountRate": 50, "promo": "", "orgPrice": 25.2 }
    },
    "categoryIds": ["c-health-beauty"],
    "similarProducts": []
  },
  {
    "id": "revlon-primer-shadow",
    "name": "Photoready Makeup Primer, Shadow + Sparkle Impressionist",
    "brand": "Revlon",
    "imageUrls": [
      "https://shop.coles.com.au/wcsstore/Coles-CAS/images/3/0/2/3024297.jpg"
    ],
    "storeId": "coles",
    "packageSize": "2.8g",
    "cupPrice": "$46.43 per 10G",
    "locations": {
      "SA": { "price": 13, "discountRate": 50, "promo": "", "orgPrice": 26 },
      "QLD": { "price": 13, "discountRate": 50, "promo": "", "orgPrice": 26 },
      "NSW": { "price": 13, "discountRate": 50, "promo": "", "orgPrice": 26 },
      "ACT": { "price": 13, "discountRate": 50, "promo": "", "orgPrice": 26 }
    },
    "categoryIds": ["c-health-beauty"],
    "similarProducts": []
  },
  {
    "id": "revlon-addictive-quad-eyeshadow",
    "name": "Colorstay 16hr Eyeshadow Addictive",
    "brand": "Revlon",
    "imageUrls": [
      "https://shop.coles.com.au/wcsstore/Coles-CAS/images/3/0/2/3024210.jpg"
    ],
    "storeId": "coles",
    "packageSize": "4.8g",
    "cupPrice": "$26.04 per 10G",
    "locations": {
      "SA": { "price": 12.5, "discountRate": 50, "promo": "", "orgPrice": 25 },
      "QLD": { "price": 12.5, "discountRate": 50, "promo": "", "orgPrice": 25 },
      "NSW": { "price": 12.5, "discountRate": 50, "promo": "", "orgPrice": 25 },
      "WA": { "price": 12.5, "discountRate": 50, "promo": "", "orgPrice": 25 },
      "TAS": { "price": 12.5, "discountRate": 50, "promo": "", "orgPrice": 25 },
      "ACT": { "price": 12.5, "discountRate": 50, "promo": "", "orgPrice": 25 },
      "NT": {
        "price": 13.12,
        "discountRate": 50,
        "promo": "",
        "orgPrice": 26.25
      }
    },
    "categoryIds": ["c-health-beauty"],
    "similarProducts": []
  },
  {
    "id": "revlon-lipliner-red",
    "name": "Colorstay Lipliner Red",
    "brand": "Revlon",
    "imageUrls": [
      "https://shop.coles.com.au/wcsstore/Coles-CAS/images/3/0/2/3023170.jpg"
    ],
    "storeId": "coles",
    "packageSize": "0.28g",
    "cupPrice": "$410.71 per 10G",
    "locations": {
      "SA": { "price": 11.5, "discountRate": 50, "promo": "", "orgPrice": 23 },
      "QLD": { "price": 11.5, "discountRate": 50, "promo": "", "orgPrice": 23 },
      "NSW": { "price": 11.5, "discountRate": 50, "promo": "", "orgPrice": 23 },
      "ACT": { "price": 11.5, "discountRate": 50, "promo": "", "orgPrice": 23 }
    },
    "categoryIds": ["c-health-beauty"],
    "similarProducts": []
  },
  {
    "id": "revlon--normal-dry-true-beige",
    "name": "Colorstay Makeup For Normal/Dry Skin True Beige Foundation",
    "brand": "Revlon",
    "imageUrls": [
      "https://shop.coles.com.au/wcsstore/Coles-CAS/images/3/0/2/3022564.jpg"
    ],
    "storeId": "coles",
    "packageSize": "30mL",
    "cupPrice": "$5.83 per 10mL",
    "locations": {
      "SA": { "price": 17.5, "discountRate": 50, "promo": "", "orgPrice": 35 },
      "QLD": { "price": 17.5, "discountRate": 50, "promo": "", "orgPrice": 35 },
      "NSW": { "price": 17.5, "discountRate": 50, "promo": "", "orgPrice": 35 },
      "ACT": { "price": 17.5, "discountRate": 50, "promo": "", "orgPrice": 35 }
    },
    "categoryIds": ["c-health-beauty"],
    "similarProducts": []
  },
  {
    "id": "revlon-makeup-normal-dry-ivory",
    "name": "Colorstay Makeup For Normal/Dry Skin Ivory Foundation",
    "brand": "Revlon",
    "imageUrls": [
      "https://shop.coles.com.au/wcsstore/Coles-CAS/images/3/0/2/3022542.jpg"
    ],
    "storeId": "coles",
    "packageSize": "30mL",
    "cupPrice": "$5.83 per 10mL",
    "locations": {
      "SA": { "price": 17.5, "discountRate": 50, "promo": "", "orgPrice": 35 },
      "QLD": { "price": 17.5, "discountRate": 50, "promo": "", "orgPrice": 35 },
      "NSW": { "price": 17.5, "discountRate": 50, "promo": "", "orgPrice": 35 },
      "WA": { "price": 17.5, "discountRate": 50, "promo": "", "orgPrice": 35 },
      "TAS": { "price": 17.5, "discountRate": 50, "promo": "", "orgPrice": 35 },
      "ACT": { "price": 17.5, "discountRate": 50, "promo": "", "orgPrice": 35 },
      "NT": {
        "price": 18.37,
        "discountRate": 50,
        "promo": "",
        "orgPrice": 36.75
      }
    },
    "categoryIds": ["c-health-beauty"],
    "similarProducts": []
  },
  {
    "id": "revlon-blakest-black-waterproof-mascara",
    "name": "Ultimate All-In-One Waterproof Mascara Blackest Black",
    "brand": "Revlon",
    "imageUrls": [
      "https://shop.coles.com.au/wcsstore/Coles-CAS/images/3/0/2/3021776.jpg"
    ],
    "storeId": "coles",
    "packageSize": "8.5mL",
    "cupPrice": "$14.12 per 10mL",
    "locations": {
      "SA": { "price": 12, "discountRate": 50, "promo": "", "orgPrice": 24 },
      "QLD": { "price": 12, "discountRate": 50, "promo": "", "orgPrice": 24 },
      "NSW": { "price": 12, "discountRate": 50, "promo": "", "orgPrice": 24 },
      "WA": { "price": 12, "discountRate": 50, "promo": "", "orgPrice": 24 },
      "TAS": { "price": 12, "discountRate": 50, "promo": "", "orgPrice": 24 },
      "ACT": { "price": 12, "discountRate": 50, "promo": "", "orgPrice": 24 },
      "NT": { "price": 12.6, "discountRate": 50, "promo": "", "orgPrice": 25.2 }
    },
    "categoryIds": ["c-health-beauty"],
    "similarProducts": []
  },
  {
    "id": "revlon-black-eyeliner",
    "name": "ColorStay Eye Liner Black",
    "brand": "Revlon",
    "imageUrls": [
      "https://shop.coles.com.au/wcsstore/Coles-CAS/images/3/0/2/3021674.jpg"
    ],
    "storeId": "coles",
    "packageSize": "0.28g",
    "cupPrice": "$428.57 per 10G",
    "locations": {
      "SA": { "price": 12, "discountRate": 50, "promo": "", "orgPrice": 24 },
      "QLD": { "price": 12, "discountRate": 50, "promo": "", "orgPrice": 24 },
      "NSW": { "price": 12, "discountRate": 50, "promo": "", "orgPrice": 24 },
      "WA": { "price": 12, "discountRate": 50, "promo": "", "orgPrice": 24 },
      "TAS": { "price": 12, "discountRate": 50, "promo": "", "orgPrice": 24 },
      "ACT": { "price": 12, "discountRate": 50, "promo": "", "orgPrice": 24 },
      "NT": { "price": 12.6, "discountRate": 50, "promo": "", "orgPrice": 25.2 }
    },
    "categoryIds": ["c-health-beauty"],
    "similarProducts": []
  },
  {
    "id": "revlon-endless-spice-lipcolor",
    "name": "Colorstay Overtime Lipcolor Endless Spice Lipstick",
    "brand": "Revlon",
    "imageUrls": [
      "https://shop.coles.com.au/wcsstore/Coles-CAS/images/3/0/2/3021368.jpg"
    ],
    "storeId": "coles",
    "packageSize": "2mL",
    "cupPrice": "$70.00 per 10mL",
    "locations": {
      "SA": { "price": 14, "discountRate": 50, "promo": "", "orgPrice": 28 },
      "QLD": { "price": 14, "discountRate": 50, "promo": "", "orgPrice": 28 },
      "NSW": { "price": 14, "discountRate": 50, "promo": "", "orgPrice": 28 },
      "WA": { "price": 14, "discountRate": 50, "promo": "", "orgPrice": 28 },
      "TAS": { "price": 14, "discountRate": 50, "promo": "", "orgPrice": 28 },
      "ACT": { "price": 14, "discountRate": 50, "promo": "", "orgPrice": 28 },
      "NT": { "price": 14.7, "discountRate": 50, "promo": "", "orgPrice": 29.4 }
    },
    "categoryIds": ["c-health-beauty"],
    "similarProducts": []
  },
  {
    "id": "revlon-naughty-nude-blush",
    "name": "Powder Blush Naughty Nude",
    "brand": "Revlon",
    "imageUrls": [
      "https://shop.coles.com.au/wcsstore/Coles-CAS/images/3/0/1/3019923.jpg"
    ],
    "storeId": "coles",
    "packageSize": "5g",
    "cupPrice": "$27.00 per 10G",
    "locations": {
      "SA": { "price": 13.5, "discountRate": 50, "promo": "", "orgPrice": 27 },
      "QLD": { "price": 13.5, "discountRate": 50, "promo": "", "orgPrice": 27 },
      "NSW": { "price": 13.5, "discountRate": 50, "promo": "", "orgPrice": 27 },
      "ACT": { "price": 13.5, "discountRate": 50, "promo": "", "orgPrice": 27 }
    },
    "categoryIds": ["c-health-beauty"],
    "similarProducts": []
  },
  {
    "id": "revlon-normal-dry-colorstay-med-beige-foundation",
    "name": "Colorstay Makeup for Normal/Dry Skin Medium Beige Foundation",
    "brand": "Revlon",
    "imageUrls": [
      "https://shop.coles.com.au/wcsstore/Coles-CAS/images/3/0/1/3019887.jpg"
    ],
    "storeId": "coles",
    "packageSize": "30mL",
    "cupPrice": "$5.83 per 10mL",
    "locations": {
      "SA": { "price": 17.5, "discountRate": 50, "promo": "", "orgPrice": 35 },
      "QLD": { "price": 17.5, "discountRate": 50, "promo": "", "orgPrice": 35 },
      "NSW": { "price": 17.5, "discountRate": 50, "promo": "", "orgPrice": 35 },
      "WA": { "price": 17.5, "discountRate": 50, "promo": "", "orgPrice": 35 },
      "TAS": { "price": 17.5, "discountRate": 50, "promo": "", "orgPrice": 35 },
      "ACT": { "price": 17.5, "discountRate": 50, "promo": "", "orgPrice": 35 },
      "NT": {
        "price": 18.37,
        "discountRate": 50,
        "promo": "",
        "orgPrice": 36.75
      }
    },
    "categoryIds": ["c-health-beauty"],
    "similarProducts": []
  },
  {
    "id": "revlon-bare-maximum-lipcolor",
    "name": "Colorstay Overtime Lipcolor Bare Maximum Lipstick",
    "brand": "Revlon",
    "imageUrls": [
      "https://shop.coles.com.au/wcsstore/Coles-CAS/images/3/0/2/3021379.jpg"
    ],
    "storeId": "coles",
    "packageSize": "2mL",
    "cupPrice": "$70.00 per 10mL",
    "locations": {
      "SA": { "price": 14, "discountRate": 50, "promo": "", "orgPrice": 28 },
      "QLD": { "price": 14, "discountRate": 50, "promo": "", "orgPrice": 28 },
      "NSW": { "price": 14, "discountRate": 50, "promo": "", "orgPrice": 28 },
      "WA": { "price": 14, "discountRate": 50, "promo": "", "orgPrice": 28 },
      "TAS": { "price": 14, "discountRate": 50, "promo": "", "orgPrice": 28 },
      "ACT": { "price": 14, "discountRate": 50, "promo": "", "orgPrice": 28 },
      "NT": { "price": 14.7, "discountRate": 50, "promo": "", "orgPrice": 29.4 }
    },
    "categoryIds": ["c-health-beauty"],
    "similarProducts": []
  },
  {
    "id": "revlon-normal-dry-colorstay",
    "name": "Colorstay Makeup For Normal/Dry Skin Nude Foundation",
    "brand": "Revlon",
    "imageUrls": [
      "https://shop.coles.com.au/wcsstore/Coles-CAS/images/3/0/1/3019785.jpg"
    ],
    "storeId": "coles",
    "packageSize": "30mL",
    "cupPrice": "$5.83 per 10mL",
    "locations": {
      "SA": { "price": 17.5, "discountRate": 50, "promo": "", "orgPrice": 35 },
      "QLD": { "price": 17.5, "discountRate": 50, "promo": "", "orgPrice": 35 },
      "NSW": { "price": 17.5, "discountRate": 50, "promo": "", "orgPrice": 35 },
      "WA": { "price": 17.5, "discountRate": 50, "promo": "", "orgPrice": 35 },
      "TAS": { "price": 17.5, "discountRate": 50, "promo": "", "orgPrice": 35 },
      "ACT": { "price": 17.5, "discountRate": 50, "promo": "", "orgPrice": 35 },
      "NT": {
        "price": 18.37,
        "discountRate": 50,
        "promo": "",
        "orgPrice": 36.75
      }
    },
    "categoryIds": ["c-health-beauty"],
    "similarProducts": []
  },
  {
    "id": "revlon-colorstay-nude-lipliner",
    "name": "Colorstay Lipliner Nude",
    "brand": "Revlon",
    "imageUrls": [
      "https://shop.coles.com.au/wcsstore/Coles-CAS/images/3/0/2/3022780.jpg"
    ],
    "storeId": "coles",
    "packageSize": "0.28g",
    "cupPrice": "$410.71 per 10G",
    "locations": {
      "SA": { "price": 11.5, "discountRate": 50, "promo": "", "orgPrice": 23 },
      "QLD": { "price": 11.5, "discountRate": 50, "promo": "", "orgPrice": 23 },
      "NSW": { "price": 11.5, "discountRate": 50, "promo": "", "orgPrice": 23 },
      "WA": { "price": 11.5, "discountRate": 50, "promo": "", "orgPrice": 23 },
      "TAS": { "price": 11.5, "discountRate": 50, "promo": "", "orgPrice": 23 },
      "ACT": { "price": 11.5, "discountRate": 50, "promo": "", "orgPrice": 23 },
      "NT": {
        "price": 12.07,
        "discountRate": 50,
        "promo": "",
        "orgPrice": 24.15
      }
    },
    "categoryIds": ["c-health-beauty"],
    "similarProducts": []
  },
  {
    "id": "revlon-powder-blush-01-oh-baby-pink",
    "name": "Powder Blush Oh Baby Pink",
    "brand": "Revlon",
    "imageUrls": [
      "https://shop.coles.com.au/wcsstore/Coles-CAS/images/3/0/2/3022600.jpg"
    ],
    "storeId": "coles",
    "packageSize": "5g",
    "cupPrice": "$27.00 per 10G",
    "locations": {
      "SA": { "price": 13.5, "discountRate": 50, "promo": "", "orgPrice": 27 },
      "QLD": { "price": 13.5, "discountRate": 50, "promo": "", "orgPrice": 27 },
      "NSW": { "price": 13.5, "discountRate": 50, "promo": "", "orgPrice": 27 },
      "ACT": { "price": 13.5, "discountRate": 50, "promo": "", "orgPrice": 27 }
    },
    "categoryIds": ["c-health-beauty"],
    "similarProducts": []
  },
  {
    "id": "revlon-colorstay-sand-beige-foundation",
    "name": "Colorstay Makeup For Combination/Oily Skin Sand Beige Foundation",
    "brand": "Revlon",
    "imageUrls": [
      "https://shop.coles.com.au/wcsstore/Coles-CAS/images/3/0/1/3019650.jpg"
    ],
    "storeId": "coles",
    "packageSize": "30mL",
    "cupPrice": "$5.83 per 10mL",
    "locations": {
      "SA": { "price": 17.5, "discountRate": 50, "promo": "", "orgPrice": 35 },
      "QLD": { "price": 17.5, "discountRate": 50, "promo": "", "orgPrice": 35 },
      "NSW": { "price": 17.5, "discountRate": 50, "promo": "", "orgPrice": 35 },
      "ACT": { "price": 17.5, "discountRate": 50, "promo": "", "orgPrice": 35 }
    },
    "categoryIds": ["c-health-beauty"],
    "similarProducts": []
  },
  {
    "id": "revlon-colorstay-lipliner-mauve",
    "name": "Colorstay Lipliner Mauve",
    "brand": "Revlon",
    "imageUrls": [
      "https://shop.coles.com.au/wcsstore/Coles-CAS/images/3/0/2/3023057.jpg"
    ],
    "storeId": "coles",
    "packageSize": "0.28g",
    "cupPrice": "$410.71 per 10G",
    "locations": {
      "SA": { "price": 11.5, "discountRate": 50, "promo": "", "orgPrice": 23 },
      "QLD": { "price": 11.5, "discountRate": 50, "promo": "", "orgPrice": 23 },
      "NSW": { "price": 11.5, "discountRate": 50, "promo": "", "orgPrice": 23 },
      "ACT": { "price": 11.5, "discountRate": 50, "promo": "", "orgPrice": 23 }
    },
    "categoryIds": ["c-health-beauty"],
    "similarProducts": []
  },
  {
    "id": "revlon-colorstay-decadent-quad-eyeshadow",
    "name": "Colorstay 16hr Eyeshadow Decadent",
    "brand": "Revlon",
    "imageUrls": [
      "https://shop.coles.com.au/wcsstore/Coles-CAS/images/3/0/2/3024231.jpg"
    ],
    "storeId": "coles",
    "packageSize": "4.8g",
    "cupPrice": "$26.04 per 10G",
    "locations": {
      "SA": { "price": 12.5, "discountRate": 50, "promo": "", "orgPrice": 25 },
      "QLD": { "price": 12.5, "discountRate": 50, "promo": "", "orgPrice": 25 },
      "NSW": { "price": 12.5, "discountRate": 50, "promo": "", "orgPrice": 25 },
      "ACT": { "price": 12.5, "discountRate": 50, "promo": "", "orgPrice": 25 }
    },
    "categoryIds": ["c-health-beauty"],
    "similarProducts": []
  },
  {
    "id": "revlon-colorstay-lipliner-blush",
    "name": "Colorstay Lipliner Blush",
    "brand": "Revlon",
    "imageUrls": [
      "https://shop.coles.com.au/wcsstore/Coles-CAS/images/3/0/2/3023035.jpg"
    ],
    "storeId": "coles",
    "packageSize": "0.28g",
    "cupPrice": "$410.71 per 10G",
    "locations": {
      "SA": { "price": 11.5, "discountRate": 50, "promo": "", "orgPrice": 23 },
      "QLD": { "price": 11.5, "discountRate": 50, "promo": "", "orgPrice": 23 },
      "NSW": { "price": 11.5, "discountRate": 50, "promo": "", "orgPrice": 23 },
      "ACT": { "price": 11.5, "discountRate": 50, "promo": "", "orgPrice": 23 }
    },
    "categoryIds": ["c-health-beauty"],
    "similarProducts": []
  },
  {
    "id": "revlon-colorstay-eye-liner-charcoal",
    "name": "ColorStay Eye Liner Charcoal",
    "brand": "Revlon",
    "imageUrls": [
      "https://shop.coles.com.au/wcsstore/Coles-CAS/images/3/0/2/3022917.jpg"
    ],
    "storeId": "coles",
    "packageSize": "0.28g",
    "cupPrice": "$428.57 per 10G",
    "locations": {
      "SA": { "price": 12, "discountRate": 50, "promo": "", "orgPrice": 24 },
      "QLD": { "price": 12, "discountRate": 50, "promo": "", "orgPrice": 24 },
      "NSW": { "price": 12, "discountRate": 50, "promo": "", "orgPrice": 24 },
      "ACT": { "price": 12, "discountRate": 50, "promo": "", "orgPrice": 24 }
    },
    "categoryIds": ["c-health-beauty"],
    "similarProducts": []
  },
  {
    "id": "revlon-colorstay-makeup-combination-oily-004-nude",
    "name": "Colorstay Makeup For Combination/Oily Skin Nude Foundation",
    "brand": "Revlon",
    "imageUrls": [
      "https://shop.coles.com.au/wcsstore/Coles-CAS/images/3/0/2/3022520.jpg"
    ],
    "storeId": "coles",
    "packageSize": "30mL",
    "cupPrice": "$5.83 per 10mL",
    "locations": {
      "SA": { "price": 17.5, "discountRate": 50, "promo": "", "orgPrice": 35 },
      "QLD": { "price": 17.5, "discountRate": 50, "promo": "", "orgPrice": 35 },
      "NSW": { "price": 17.5, "discountRate": 50, "promo": "", "orgPrice": 35 },
      "ACT": { "price": 17.5, "discountRate": 50, "promo": "", "orgPrice": 35 }
    },
    "categoryIds": ["c-health-beauty"],
    "similarProducts": []
  },
  {
    "id": "revlon-ultra-hd-matte-lipcolor-forever",
    "name": "Ultra HD Matte Lipcolor Forever Lipstick",
    "brand": "Revlon",
    "imageUrls": [
      "https://shop.coles.com.au/wcsstore/Coles-CAS/images/3/0/2/3022430.jpg"
    ],
    "storeId": "coles",
    "packageSize": "5.9mL",
    "cupPrice": "$21.19 per 10mL",
    "locations": {
      "SA": { "price": 12.5, "discountRate": 50, "promo": "", "orgPrice": 25 },
      "QLD": { "price": 12.5, "discountRate": 50, "promo": "", "orgPrice": 25 },
      "NSW": { "price": 12.5, "discountRate": 50, "promo": "", "orgPrice": 25 },
      "ACT": { "price": 12.5, "discountRate": 50, "promo": "", "orgPrice": 25 }
    },
    "categoryIds": ["c-health-beauty"],
    "similarProducts": []
  },
  {
    "id": "revlon-colorstay-light-med-pressed-powder",
    "name": "Colorstay Pressed Powder Light Medium",
    "brand": "Revlon",
    "imageUrls": [
      "https://shop.coles.com.au/wcsstore/Coles-CAS/images/3/0/2/3021619.jpg"
    ],
    "storeId": "coles",
    "packageSize": "8.4g",
    "cupPrice": "$20.83 per 10G",
    "locations": {
      "SA": { "price": 17.5, "discountRate": 50, "promo": "", "orgPrice": 35 },
      "QLD": { "price": 17.5, "discountRate": 50, "promo": "", "orgPrice": 35 },
      "NSW": { "price": 17.5, "discountRate": 50, "promo": "", "orgPrice": 35 },
      "WA": { "price": 17.5, "discountRate": 50, "promo": "", "orgPrice": 35 },
      "TAS": { "price": 17.5, "discountRate": 50, "promo": "", "orgPrice": 35 },
      "ACT": { "price": 17.5, "discountRate": 50, "promo": "", "orgPrice": 35 },
      "NT": {
        "price": 18.37,
        "discountRate": 50,
        "promo": "",
        "orgPrice": 36.75
      }
    },
    "categoryIds": ["c-health-beauty"],
    "similarProducts": []
  },
  {
    "id": "revlon--colorstay-overtime-always-sienna-lipcolor",
    "name": "Colorstay Overtime Lipcolor Always Sienna Lipstick",
    "brand": "Revlon",
    "imageUrls": [
      "https://shop.coles.com.au/wcsstore/Coles-CAS/images/3/0/2/3021390.jpg"
    ],
    "storeId": "coles",
    "packageSize": "2mL",
    "cupPrice": "$70.00 per 10mL",
    "locations": {
      "SA": { "price": 14, "discountRate": 50, "promo": "", "orgPrice": 28 },
      "QLD": { "price": 14, "discountRate": 50, "promo": "", "orgPrice": 28 },
      "NSW": { "price": 14, "discountRate": 50, "promo": "", "orgPrice": 28 },
      "ACT": { "price": 14, "discountRate": 50, "promo": "", "orgPrice": 28 }
    },
    "categoryIds": ["c-health-beauty"],
    "similarProducts": []
  },
  {
    "id": "revlon-colorstay-nat-beige-foundation",
    "name": "Colorstay Makeup For Combination/Oily Skin Natural Beige Foundation",
    "brand": "Revlon",
    "imageUrls": [
      "https://shop.coles.com.au/wcsstore/Coles-CAS/images/3/0/1/3019683.jpg"
    ],
    "storeId": "coles",
    "packageSize": "30mL",
    "cupPrice": "$5.83 per 10mL",
    "locations": {
      "SA": { "price": 17.5, "discountRate": 50, "promo": "", "orgPrice": 35 },
      "QLD": { "price": 17.5, "discountRate": 50, "promo": "", "orgPrice": 35 },
      "NSW": { "price": 17.5, "discountRate": 50, "promo": "", "orgPrice": 35 },
      "ACT": { "price": 17.5, "discountRate": 50, "promo": "", "orgPrice": 35 }
    },
    "categoryIds": ["c-health-beauty"],
    "similarProducts": []
  },
  {
    "id": "revlon-colourstay-lipcolour-infinate-raspbry",
    "name": "Colorstay Overtime Lipcolor Infinite Raspberry Lipstick",
    "brand": "Revlon",
    "imageUrls": [
      "https://shop.coles.com.au/wcsstore/Coles-CAS/images/3/0/2/3022316.jpg"
    ],
    "storeId": "coles",
    "packageSize": "2mL",
    "cupPrice": "$70.00 per 10mL",
    "locations": {
      "SA": { "price": 14, "discountRate": 50, "promo": "", "orgPrice": 28 },
      "QLD": { "price": 14, "discountRate": 50, "promo": "", "orgPrice": 28 },
      "NSW": { "price": 14, "discountRate": 50, "promo": "", "orgPrice": 28 },
      "WA": { "price": 14, "discountRate": 50, "promo": "", "orgPrice": 28 },
      "TAS": { "price": 14, "discountRate": 50, "promo": "", "orgPrice": 28 },
      "ACT": { "price": 14, "discountRate": 50, "promo": "", "orgPrice": 28 },
      "NT": { "price": 14.7, "discountRate": 50, "promo": "", "orgPrice": 29.4 }
    },
    "categoryIds": ["c-health-beauty"],
    "similarProducts": []
  },
  {
    "id": "revlon-ultra-hd-embrace-matte-lipcolor",
    "name": "Ultra HD Matte Lipcolor Embrace Lipstick",
    "brand": "Revlon",
    "imageUrls": [
      "https://shop.coles.com.au/wcsstore/Coles-CAS/images/3/0/2/3021594.jpg"
    ],
    "storeId": "coles",
    "packageSize": "5.9mL",
    "cupPrice": "$21.19 per 10mL",
    "locations": {
      "SA": { "price": 12.5, "discountRate": 50, "promo": "", "orgPrice": 25 },
      "QLD": { "price": 12.5, "discountRate": 50, "promo": "", "orgPrice": 25 },
      "NSW": { "price": 12.5, "discountRate": 50, "promo": "", "orgPrice": 25 },
      "ACT": { "price": 12.5, "discountRate": 50, "promo": "", "orgPrice": 25 }
    },
    "categoryIds": ["c-health-beauty"],
    "similarProducts": []
  },
  {
    "id": "revlon-sculpt--highlight-light-medium-contour-kit",
    "name": "Sculpt + Highlight Contour Makeup Kit Light/Medium Kit",
    "brand": "Revlon",
    "imageUrls": [
      "https://shop.coles.com.au/wcsstore/Coles-CAS/images/3/0/5/3051562.jpg"
    ],
    "storeId": "coles",
    "packageSize": "10g",
    "cupPrice": "$12.50 per 10G",
    "locations": {
      "SA": { "price": 12.5, "discountRate": 50, "promo": "", "orgPrice": 25 },
      "QLD": { "price": 12.5, "discountRate": 50, "promo": "", "orgPrice": 25 },
      "NSW": { "price": 12.5, "discountRate": 50, "promo": "", "orgPrice": 25 },
      "ACT": { "price": 12.5, "discountRate": 50, "promo": "", "orgPrice": 25 }
    },
    "categoryIds": ["c-health-beauty"],
    "similarProducts": []
  },
  {
    "id": "revlon-colorstay--006-med-beige-foundation",
    "name": "Colorstay Makeup For Combination/Oily Skin Medium Beige Foundation",
    "brand": "Revlon",
    "imageUrls": [
      "https://shop.coles.com.au/wcsstore/Coles-CAS/images/3/0/1/3019708.jpg"
    ],
    "storeId": "coles",
    "packageSize": "30mL",
    "cupPrice": "$5.83 per 10mL",
    "locations": {
      "SA": { "price": 17.5, "discountRate": 50, "promo": "", "orgPrice": 35 },
      "QLD": { "price": 17.5, "discountRate": 50, "promo": "", "orgPrice": 35 },
      "NSW": { "price": 17.5, "discountRate": 50, "promo": "", "orgPrice": 35 },
      "ACT": { "price": 17.5, "discountRate": 50, "promo": "", "orgPrice": 35 }
    },
    "categoryIds": ["c-health-beauty"],
    "similarProducts": []
  },
  {
    "id": "revlon-age-defying-3x-medium-beige-foundation",
    "name": "Age Defying 3X Medium Beige Foundation SPF 20",
    "brand": "Revlon",
    "imageUrls": [
      "https://shop.coles.com.au/wcsstore/Coles-CAS/images/3/3/2/3328270.jpg"
    ],
    "storeId": "coles",
    "packageSize": "30mL",
    "cupPrice": "$6.67 per 10mL",
    "locations": {
      "SA": { "price": 20, "discountRate": 50, "promo": "", "orgPrice": 40 },
      "QLD": { "price": 20, "discountRate": 50, "promo": "", "orgPrice": 40 },
      "NSW": { "price": 20, "discountRate": 50, "promo": "", "orgPrice": 40 },
      "ACT": { "price": 20, "discountRate": 50, "promo": "", "orgPrice": 40 }
    },
    "categoryIds": ["c-health-beauty"],
    "similarProducts": []
  },
  {
    "id": "revlon-age-defying-3x-bare-buff-foundation",
    "name": "Age Defying 3X Bare Buff Foundation SPF 20",
    "brand": "Revlon",
    "imageUrls": [
      "https://shop.coles.com.au/wcsstore/Coles-CAS/images/3/3/2/3328236.jpg"
    ],
    "storeId": "coles",
    "packageSize": "30mL",
    "cupPrice": "$6.67 per 10mL",
    "locations": {
      "SA": { "price": 20, "discountRate": 50, "promo": "", "orgPrice": 40 },
      "QLD": { "price": 20, "discountRate": 50, "promo": "", "orgPrice": 40 },
      "NSW": { "price": 20, "discountRate": 50, "promo": "", "orgPrice": 40 },
      "ACT": { "price": 20, "discountRate": 50, "promo": "", "orgPrice": 40 }
    },
    "categoryIds": ["c-health-beauty"],
    "similarProducts": []
  },
  {
    "id": "revlon-colorstay-soft-brown-brow-pencil",
    "name": "Colorstay Soft Brown Pencil 0.35g",
    "brand": "Revlon",
    "imageUrls": [
      "https://shop.coles.com.au/wcsstore/Coles-CAS/images/3/3/2/3326467.jpg"
    ],
    "storeId": "coles",
    "packageSize": "",
    "cupPrice": "$11.50 per 1Ea",
    "locations": {
      "SA": { "price": 11.5, "discountRate": 50, "promo": "", "orgPrice": 23 },
      "QLD": { "price": 11.5, "discountRate": 50, "promo": "", "orgPrice": 23 },
      "NSW": { "price": 11.5, "discountRate": 50, "promo": "", "orgPrice": 23 },
      "WA": { "price": 11.5, "discountRate": 50, "promo": "", "orgPrice": 23 },
      "TAS": { "price": 11.5, "discountRate": 50, "promo": "", "orgPrice": 23 },
      "ACT": { "price": 11.5, "discountRate": 50, "promo": "", "orgPrice": 23 },
      "NT": {
        "price": 12.07,
        "discountRate": 50,
        "promo": "",
        "orgPrice": 24.15
      }
    },
    "categoryIds": ["c-health-beauty"],
    "similarProducts": []
  },
  {
    "id": "revlon-make-up-light-med-mineral-powder",
    "name": "Light / Medium Mineral Make Up Powder",
    "brand": "Revlon",
    "imageUrls": [
      "https://shop.coles.com.au/wcsstore/Coles-CAS/images/3/3/2/3328338.jpg"
    ],
    "storeId": "coles",
    "packageSize": "28.3g",
    "cupPrice": "$5.30 per 10G",
    "locations": {
      "SA": { "price": 15, "discountRate": 50, "promo": "", "orgPrice": 30 },
      "QLD": { "price": 15, "discountRate": 50, "promo": "", "orgPrice": 30 },
      "NSW": { "price": 15, "discountRate": 50, "promo": "", "orgPrice": 30 },
      "WA": { "price": 15, "discountRate": 50, "promo": "", "orgPrice": 30 },
      "TAS": { "price": 15, "discountRate": 50, "promo": "", "orgPrice": 30 },
      "ACT": { "price": 15, "discountRate": 50, "promo": "", "orgPrice": 30 },
      "NT": {
        "price": 15.75,
        "discountRate": 50,
        "promo": "",
        "orgPrice": 31.5
      }
    },
    "categoryIds": ["c-health-beauty"],
    "similarProducts": []
  },
  {
    "id": "revlon-age-defying-3x-natural-beige-foundation",
    "name": "Age Defying 3X Natural Beige Foundation SPF 20",
    "brand": "Revlon",
    "imageUrls": [
      "https://shop.coles.com.au/wcsstore/Coles-CAS/images/3/3/2/3328269.jpg"
    ],
    "storeId": "coles",
    "packageSize": "30mL",
    "cupPrice": "$6.67 per 10mL",
    "locations": {
      "SA": { "price": 20, "discountRate": 50, "promo": "", "orgPrice": 40 },
      "QLD": { "price": 20, "discountRate": 50, "promo": "", "orgPrice": 40 },
      "NSW": { "price": 20, "discountRate": 50, "promo": "", "orgPrice": 40 },
      "ACT": { "price": 20, "discountRate": 50, "promo": "", "orgPrice": 40 }
    },
    "categoryIds": ["c-health-beauty"],
    "similarProducts": []
  },
  {
    "id": "revlon-age-defying-3x-soft-beige-foundation",
    "name": "Age Defying 3X Soft Beige Foundation SPF 20",
    "brand": "Revlon",
    "imageUrls": [
      "https://shop.coles.com.au/wcsstore/Coles-CAS/images/3/3/2/3328247.jpg"
    ],
    "storeId": "coles",
    "packageSize": "30mL",
    "cupPrice": "$6.67 per 10mL",
    "locations": {
      "SA": { "price": 20, "discountRate": 50, "promo": "", "orgPrice": 40 },
      "QLD": { "price": 20, "discountRate": 50, "promo": "", "orgPrice": 40 },
      "NSW": { "price": 20, "discountRate": 50, "promo": "", "orgPrice": 40 },
      "ACT": { "price": 20, "discountRate": 50, "promo": "", "orgPrice": 40 }
    },
    "categoryIds": ["c-health-beauty"],
    "similarProducts": []
  },
  {
    "id": "revlon-volumazing-blackest-black-mascara",
    "name": "Volumazing Blackest Black Mascara 9mL",
    "brand": "Revlon",
    "imageUrls": [
      "https://shop.coles.com.au/wcsstore/Coles-CAS/images/3/4/5/3454570.jpg"
    ],
    "storeId": "coles",
    "packageSize": "1 pack",
    "cupPrice": "$10.00 per 1Ea",
    "locations": {
      "SA": { "price": 10, "discountRate": 50, "promo": "", "orgPrice": 20 },
      "QLD": { "price": 10, "discountRate": 50, "promo": "", "orgPrice": 20 },
      "NSW": { "price": 10, "discountRate": 50, "promo": "", "orgPrice": 20 },
      "WA": { "price": 10, "discountRate": 50, "promo": "", "orgPrice": 20 },
      "TAS": { "price": 10, "discountRate": 50, "promo": "", "orgPrice": 20 },
      "ACT": { "price": 10, "discountRate": 50, "promo": "", "orgPrice": 20 },
      "NT": { "price": 10.5, "discountRate": 50, "promo": "", "orgPrice": 21 }
    },
    "categoryIds": ["c-health-beauty"],
    "similarProducts": []
  },
  {
    "id": "revlon-colorstay-dark-brown-brow-kit",
    "name": "Colorstay Dark Brown Brow Kit",
    "brand": "Revlon",
    "imageUrls": [
      "https://shop.coles.com.au/wcsstore/Coles-CAS/images/3/5/4/3542371.jpg"
    ],
    "storeId": "coles",
    "packageSize": "4.5g",
    "cupPrice": "$26.67 per 10G",
    "locations": {
      "SA": { "price": 12, "discountRate": 50, "promo": "", "orgPrice": 24 },
      "QLD": { "price": 12, "discountRate": 50, "promo": "", "orgPrice": 24 },
      "NSW": { "price": 12, "discountRate": 50, "promo": "", "orgPrice": 24 },
      "ACT": { "price": 12, "discountRate": 50, "promo": "", "orgPrice": 24 }
    },
    "categoryIds": ["c-health-beauty"],
    "similarProducts": []
  },
  {
    "id": "revlon-super-lustrous-wine-with-everything-lips",
    "name": "Super Lustrous Wine Lipstick",
    "brand": "Revlon",
    "imageUrls": [
      "https://shop.coles.com.au/wcsstore/Coles-CAS/images/3/5/3/3538330.jpg"
    ],
    "storeId": "coles",
    "packageSize": "4.2g",
    "cupPrice": "$29.76 per 10G",
    "locations": {
      "SA": { "price": 12.5, "discountRate": 50, "promo": "", "orgPrice": 25 },
      "QLD": { "price": 12.5, "discountRate": 50, "promo": "", "orgPrice": 25 },
      "NSW": { "price": 12.5, "discountRate": 50, "promo": "", "orgPrice": 25 },
      "WA": { "price": 12.5, "discountRate": 50, "promo": "", "orgPrice": 25 },
      "TAS": { "price": 12.5, "discountRate": 50, "promo": "", "orgPrice": 25 },
      "ACT": { "price": 12.5, "discountRate": 50, "promo": "", "orgPrice": 25 },
      "NT": {
        "price": 13.12,
        "discountRate": 50,
        "promo": "",
        "orgPrice": 26.25
      }
    },
    "categoryIds": ["c-health-beauty"],
    "similarProducts": []
  },
  {
    "id": "revlon-voulmazing-wp-blackest-black-mascara",
    "name": "Voulmazing Waterproof Blackest Black Mascara",
    "brand": "Revlon",
    "imageUrls": [
      "https://shop.coles.com.au/wcsstore/Coles-CAS/images/3/5/3/3537961.jpg"
    ],
    "storeId": "coles",
    "packageSize": "9mL",
    "cupPrice": "$11.11 per 10mL",
    "locations": {
      "SA": { "price": 10, "discountRate": 50, "promo": "", "orgPrice": 20 },
      "QLD": { "price": 10, "discountRate": 50, "promo": "", "orgPrice": 20 },
      "NSW": { "price": 10, "discountRate": 50, "promo": "", "orgPrice": 20 },
      "WA": { "price": 10, "discountRate": 50, "promo": "", "orgPrice": 20 },
      "TAS": { "price": 10, "discountRate": 50, "promo": "", "orgPrice": 20 },
      "ACT": { "price": 10, "discountRate": 50, "promo": "", "orgPrice": 20 },
      "NT": { "price": 10.5, "discountRate": 50, "promo": "", "orgPrice": 21 }
    },
    "categoryIds": ["c-health-beauty"],
    "similarProducts": []
  },
  {
    "id": "revlon-colorstay-looks-original-eye-shadow",
    "name": "Colorstay Original Eye Shadow 900",
    "brand": "Revlon",
    "imageUrls": [
      "https://shop.coles.com.au/wcsstore/Coles-CAS/images/3/5/3/3537940.jpg"
    ],
    "storeId": "coles",
    "packageSize": "3.4g",
    "cupPrice": "$29.41 per 10G",
    "locations": {
      "SA": { "price": 10, "discountRate": 50, "promo": "", "orgPrice": 20 },
      "QLD": { "price": 10, "discountRate": 50, "promo": "", "orgPrice": 20 },
      "NSW": { "price": 10, "discountRate": 50, "promo": "", "orgPrice": 20 },
      "ACT": { "price": 10, "discountRate": 50, "promo": "", "orgPrice": 20 }
    },
    "categoryIds": ["c-health-beauty"],
    "similarProducts": []
  },
  {
    "id": "revlon-bronzer-powder-cannes-tan",
    "name": "Bronzer Skinlights  Powder",
    "brand": "Revlon",
    "imageUrls": [
      "https://shop.coles.com.au/wcsstore/Coles-CAS/images/3/5/3/3537906.jpg"
    ],
    "storeId": "coles",
    "packageSize": "9.2g",
    "cupPrice": "$13.59 per 10G",
    "locations": {
      "SA": { "price": 12.5, "discountRate": 50, "promo": "", "orgPrice": 25 },
      "QLD": { "price": 12.5, "discountRate": 50, "promo": "", "orgPrice": 25 },
      "NSW": { "price": 12.5, "discountRate": 50, "promo": "", "orgPrice": 25 },
      "ACT": { "price": 12.5, "discountRate": 50, "promo": "", "orgPrice": 25 }
    },
    "categoryIds": ["c-health-beauty"],
    "similarProducts": []
  },
  {
    "id": "revlon-photoready-candid-banana-concealer",
    "name": "Photoready Candid Antioxidant Concealer Banana 001",
    "brand": "Revlon",
    "imageUrls": [
      "https://shop.coles.com.au/wcsstore/Coles-CAS/images/3/5/3/3537510.jpg"
    ],
    "storeId": "coles",
    "packageSize": "10mL",
    "cupPrice": "$10.00 per 10mL",
    "locations": {
      "SA": { "price": 10, "discountRate": 50, "promo": "", "orgPrice": 20 },
      "QLD": { "price": 10, "discountRate": 50, "promo": "", "orgPrice": 20 },
      "NSW": { "price": 10, "discountRate": 50, "promo": "", "orgPrice": 20 },
      "WA": { "price": 10, "discountRate": 50, "promo": "", "orgPrice": 20 },
      "TAS": { "price": 10, "discountRate": 50, "promo": "", "orgPrice": 20 },
      "ACT": { "price": 10, "discountRate": 50, "promo": "", "orgPrice": 20 },
      "NT": { "price": 10.5, "discountRate": 50, "promo": "", "orgPrice": 21 }
    },
    "categoryIds": ["c-health-beauty"],
    "similarProducts": []
  },
  {
    "id": "revlon-photoready-candid-sand-beige-foundation",
    "name": "Photoready Candid Foundation Sand Beige 220",
    "brand": "Revlon",
    "imageUrls": [
      "https://shop.coles.com.au/wcsstore/Coles-CAS/images/3/5/3/3537429.jpg"
    ],
    "storeId": "coles",
    "packageSize": "22mL",
    "cupPrice": "$56.82 per 100mL",
    "locations": {
      "SA": { "price": 12.5, "discountRate": 50, "promo": "", "orgPrice": 25 },
      "QLD": { "price": 12.5, "discountRate": 50, "promo": "", "orgPrice": 25 },
      "NSW": { "price": 12.5, "discountRate": 50, "promo": "", "orgPrice": 25 },
      "WA": { "price": 12.5, "discountRate": 50, "promo": "", "orgPrice": 25 },
      "TAS": { "price": 12.5, "discountRate": 50, "promo": "", "orgPrice": 25 },
      "ACT": { "price": 12.5, "discountRate": 50, "promo": "", "orgPrice": 25 },
      "NT": {
        "price": 13.12,
        "discountRate": 50,
        "promo": "",
        "orgPrice": 26.25
      }
    },
    "categoryIds": ["c-health-beauty"],
    "similarProducts": []
  },
  {
    "id": "revlon-colorstay-ultimate-suede-preview-lipstick",
    "name": "Colorstay Ultimate Suede 070 Preview Lipstick",
    "brand": "Revlon",
    "imageUrls": [
      "https://shop.coles.com.au/wcsstore/Coles-CAS/images/3/5/3/3536991.jpg"
    ],
    "storeId": "coles",
    "packageSize": "2.55g",
    "cupPrice": "$52.94 per 10G",
    "locations": {
      "SA": { "price": 13.5, "discountRate": 50, "promo": "", "orgPrice": 27 },
      "QLD": { "price": 13.5, "discountRate": 50, "promo": "", "orgPrice": 27 },
      "NSW": { "price": 13.5, "discountRate": 50, "promo": "", "orgPrice": 27 },
      "WA": { "price": 13.5, "discountRate": 50, "promo": "", "orgPrice": 27 },
      "TAS": { "price": 13.5, "discountRate": 50, "promo": "", "orgPrice": 27 },
      "ACT": { "price": 13.5, "discountRate": 50, "promo": "", "orgPrice": 27 },
      "NT": {
        "price": 14.17,
        "discountRate": 50,
        "promo": "",
        "orgPrice": 28.35
      }
    },
    "categoryIds": ["c-health-beauty"],
    "similarProducts": []
  },
  {
    "id": "revlon-colorstay-ultimate-suede-iconic-lipstick",
    "name": "Colorstay Ultimate Suede Iconic Lipstick 055",
    "brand": "Revlon",
    "imageUrls": [
      "https://shop.coles.com.au/wcsstore/Coles-CAS/images/3/5/3/3536970.jpg"
    ],
    "storeId": "coles",
    "packageSize": "2.55g",
    "cupPrice": "$52.94 per 10G",
    "locations": {
      "SA": { "price": 13.5, "discountRate": 50, "promo": "", "orgPrice": 27 },
      "QLD": { "price": 13.5, "discountRate": 50, "promo": "", "orgPrice": 27 },
      "NSW": { "price": 13.5, "discountRate": 50, "promo": "", "orgPrice": 27 },
      "WA": { "price": 13.5, "discountRate": 50, "promo": "", "orgPrice": 27 },
      "TAS": { "price": 13.5, "discountRate": 50, "promo": "", "orgPrice": 27 },
      "ACT": { "price": 13.5, "discountRate": 50, "promo": "", "orgPrice": 27 },
      "NT": {
        "price": 14.17,
        "discountRate": 50,
        "promo": "",
        "orgPrice": 28.35
      }
    },
    "categoryIds": ["c-health-beauty"],
    "similarProducts": []
  },
  {
    "id": "revlon-super-lustrous-rum-raisin-lipstick",
    "name": "Super Lustrous Rum Raisin Lipstick",
    "brand": "Revlon",
    "imageUrls": [
      "https://shop.coles.com.au/wcsstore/Coles-CAS/images/3/5/3/3538669.jpg"
    ],
    "storeId": "coles",
    "packageSize": "4.2g",
    "cupPrice": "$29.76 per 10G",
    "locations": {
      "SA": { "price": 12.5, "discountRate": 50, "promo": "", "orgPrice": 25 },
      "QLD": { "price": 12.5, "discountRate": 50, "promo": "", "orgPrice": 25 },
      "NSW": { "price": 12.5, "discountRate": 50, "promo": "", "orgPrice": 25 },
      "WA": { "price": 12.5, "discountRate": 50, "promo": "", "orgPrice": 25 },
      "TAS": { "price": 12.5, "discountRate": 50, "promo": "", "orgPrice": 25 },
      "ACT": { "price": 12.5, "discountRate": 50, "promo": "", "orgPrice": 25 },
      "NT": {
        "price": 13.12,
        "discountRate": 50,
        "promo": "",
        "orgPrice": 26.25
      }
    },
    "categoryIds": ["c-health-beauty"],
    "similarProducts": []
  },
  {
    "id": "revlon-super-lustrous-teak-rose-lipstick",
    "name": "Super Lustrous Teak Rose Lipstick",
    "brand": "Revlon",
    "imageUrls": [
      "https://shop.coles.com.au/wcsstore/Coles-CAS/images/3/5/3/3538374.jpg"
    ],
    "storeId": "coles",
    "packageSize": "4.2g",
    "cupPrice": "$29.76 per 10G",
    "locations": {
      "SA": { "price": 12.5, "discountRate": 50, "promo": "", "orgPrice": 25 },
      "QLD": { "price": 12.5, "discountRate": 50, "promo": "", "orgPrice": 25 },
      "NSW": { "price": 12.5, "discountRate": 50, "promo": "", "orgPrice": 25 },
      "ACT": { "price": 12.5, "discountRate": 50, "promo": "", "orgPrice": 25 }
    },
    "categoryIds": ["c-health-beauty"],
    "similarProducts": []
  },
  {
    "id": "revlon-super-lustrous-blushed-lipstick",
    "name": "Super Lustrous Blushed Lipstick",
    "brand": "Revlon",
    "imageUrls": [
      "https://shop.coles.com.au/wcsstore/Coles-CAS/images/3/5/3/3538352.jpg"
    ],
    "storeId": "coles",
    "packageSize": "4.2g",
    "cupPrice": "$29.76 per 10G",
    "locations": {
      "SA": { "price": 12.5, "discountRate": 50, "promo": "", "orgPrice": 25 },
      "QLD": { "price": 12.5, "discountRate": 50, "promo": "", "orgPrice": 25 },
      "NSW": { "price": 12.5, "discountRate": 50, "promo": "", "orgPrice": 25 },
      "ACT": { "price": 12.5, "discountRate": 50, "promo": "", "orgPrice": 25 }
    },
    "categoryIds": ["c-health-beauty"],
    "similarProducts": []
  },
  {
    "id": "revlon-colorstay-looks-maverick-eye-shadow",
    "name": "Colorstay Maverick Eye Shadow 930",
    "brand": "Revlon",
    "imageUrls": [
      "https://shop.coles.com.au/wcsstore/Coles-CAS/images/3/5/3/3537939.jpg"
    ],
    "storeId": "coles",
    "packageSize": "3.4g",
    "cupPrice": "$29.41 per 10G",
    "locations": {
      "SA": { "price": 10, "discountRate": 50, "promo": "", "orgPrice": 20 },
      "QLD": { "price": 10, "discountRate": 50, "promo": "", "orgPrice": 20 },
      "NSW": { "price": 10, "discountRate": 50, "promo": "", "orgPrice": 20 },
      "ACT": { "price": 10, "discountRate": 50, "promo": "", "orgPrice": 20 }
    },
    "categoryIds": ["c-health-beauty"],
    "similarProducts": []
  },
  {
    "id": "revlon-colorstay-looks-enigma-eye-shadow-palette",
    "name": "Colorstay Enigma Eye Shadow Palette 920",
    "brand": "Revlon",
    "imageUrls": [
      "https://shop.coles.com.au/wcsstore/Coles-CAS/images/3/5/3/3537917.jpg"
    ],
    "storeId": "coles",
    "packageSize": "3.4g",
    "cupPrice": "$29.41 per 10G",
    "locations": {
      "SA": { "price": 10, "discountRate": 50, "promo": "", "orgPrice": 20 },
      "QLD": { "price": 10, "discountRate": 50, "promo": "", "orgPrice": 20 },
      "NSW": { "price": 10, "discountRate": 50, "promo": "", "orgPrice": 20 },
      "ACT": { "price": 10, "discountRate": 50, "promo": "", "orgPrice": 20 }
    },
    "categoryIds": ["c-health-beauty"],
    "similarProducts": []
  },
  {
    "id": "revlon-highlighting-palette-peach-glow",
    "name": "Highlighting Palette Peach Glow 010",
    "brand": "Revlon",
    "imageUrls": [
      "https://shop.coles.com.au/wcsstore/Coles-CAS/images/3/5/3/3537892.jpg"
    ],
    "storeId": "coles",
    "packageSize": "7.5g",
    "cupPrice": "$18.00 per 10G",
    "locations": {
      "SA": { "price": 13.5, "discountRate": 50, "promo": "", "orgPrice": 27 },
      "QLD": { "price": 13.5, "discountRate": 50, "promo": "", "orgPrice": 27 },
      "NSW": { "price": 13.5, "discountRate": 50, "promo": "", "orgPrice": 27 },
      "ACT": { "price": 13.5, "discountRate": 50, "promo": "", "orgPrice": 27 }
    },
    "categoryIds": ["c-health-beauty"],
    "similarProducts": []
  },
  {
    "id": "revlon-photoready-candid-medium-beige-foundation",
    "name": "Photoready Candid Foundation Medium Beige 270",
    "brand": "Revlon",
    "imageUrls": [
      "https://shop.coles.com.au/wcsstore/Coles-CAS/images/3/5/3/3537451.jpg"
    ],
    "storeId": "coles",
    "packageSize": "22mL",
    "cupPrice": "$56.82 per 100mL",
    "locations": {
      "SA": { "price": 12.5, "discountRate": 50, "promo": "", "orgPrice": 25 },
      "QLD": { "price": 12.5, "discountRate": 50, "promo": "", "orgPrice": 25 },
      "NSW": { "price": 12.5, "discountRate": 50, "promo": "", "orgPrice": 25 },
      "WA": { "price": 12.5, "discountRate": 50, "promo": "", "orgPrice": 25 },
      "TAS": { "price": 12.5, "discountRate": 50, "promo": "", "orgPrice": 25 },
      "ACT": { "price": 12.5, "discountRate": 50, "promo": "", "orgPrice": 25 },
      "NT": {
        "price": 13.12,
        "discountRate": 50,
        "promo": "",
        "orgPrice": 26.25
      }
    },
    "categoryIds": ["c-health-beauty"],
    "similarProducts": []
  },
  {
    "id": "revlon-photoready-candid-buff-foundation",
    "name": "Photoready Candid Foundation Buff 120",
    "brand": "Revlon",
    "imageUrls": [
      "https://shop.coles.com.au/wcsstore/Coles-CAS/images/3/5/3/3537430.jpg"
    ],
    "storeId": "coles",
    "packageSize": "22mL",
    "cupPrice": "$5.68 per 10mL",
    "locations": {
      "SA": { "price": 12.5, "discountRate": 50, "promo": "", "orgPrice": 25 },
      "QLD": { "price": 12.5, "discountRate": 50, "promo": "", "orgPrice": 25 },
      "NSW": { "price": 12.5, "discountRate": 50, "promo": "", "orgPrice": 25 },
      "ACT": { "price": 12.5, "discountRate": 50, "promo": "", "orgPrice": 25 }
    },
    "categoryIds": ["c-health-beauty"],
    "similarProducts": []
  },
  {
    "id": "revlon-super-lustrous-super-natural-lipgloss",
    "name": "Super Lustrous Lip Gloss Super Natural 215",
    "brand": "Revlon",
    "imageUrls": [
      "https://shop.coles.com.au/wcsstore/Coles-CAS/images/3/5/3/3537258.jpg"
    ],
    "storeId": "coles",
    "packageSize": "3.8mL",
    "cupPrice": "$32.89 per 10mL",
    "locations": {
      "SA": { "price": 12.5, "discountRate": 50, "promo": "", "orgPrice": 25 },
      "QLD": { "price": 12.5, "discountRate": 50, "promo": "", "orgPrice": 25 },
      "NSW": { "price": 12.5, "discountRate": 50, "promo": "", "orgPrice": 25 },
      "ACT": { "price": 12.5, "discountRate": 50, "promo": "", "orgPrice": 25 }
    },
    "categoryIds": ["c-health-beauty"],
    "similarProducts": []
  },
  {
    "id": "revlon-colorstay-ultimate-suede-supermodel-lipstick",
    "name": "Colorstay Ultimate Suede 045 Supermodel Lipstick",
    "brand": "Revlon",
    "imageUrls": [
      "https://shop.coles.com.au/wcsstore/Coles-CAS/images/3/5/3/3537021.jpg"
    ],
    "storeId": "coles",
    "packageSize": "2.55g",
    "cupPrice": "$52.94 per 10G",
    "locations": {
      "SA": { "price": 13.5, "discountRate": 50, "promo": "", "orgPrice": 27 },
      "QLD": { "price": 13.5, "discountRate": 50, "promo": "", "orgPrice": 27 },
      "NSW": { "price": 13.5, "discountRate": 50, "promo": "", "orgPrice": 27 },
      "WA": { "price": 13.5, "discountRate": 50, "promo": "", "orgPrice": 27 },
      "TAS": { "price": 13.5, "discountRate": 50, "promo": "", "orgPrice": 27 },
      "ACT": { "price": 13.5, "discountRate": 50, "promo": "", "orgPrice": 27 },
      "NT": {
        "price": 14.17,
        "discountRate": 50,
        "promo": "",
        "orgPrice": 28.35
      }
    },
    "categoryIds": ["c-health-beauty"],
    "similarProducts": []
  },
  {
    "id": "revlon-so-fierce-blackest-black-mascara",
    "name": "So Fierce Blackest Black Mascara",
    "brand": "Revlon",
    "imageUrls": [
      "https://shop.coles.com.au/wcsstore/Coles-CAS/images/3/6/9/3699067.jpg"
    ],
    "storeId": "coles",
    "packageSize": "7.5mL",
    "cupPrice": "$14.67 per 10mL",
    "locations": {
      "SA": { "price": 11, "discountRate": 50, "promo": "", "orgPrice": 22 },
      "QLD": { "price": 11, "discountRate": 50, "promo": "", "orgPrice": 22 },
      "NSW": { "price": 11, "discountRate": 50, "promo": "", "orgPrice": 22 },
      "WA": { "price": 11, "discountRate": 50, "promo": "", "orgPrice": 22 },
      "TAS": { "price": 11, "discountRate": 50, "promo": "", "orgPrice": 22 },
      "ACT": { "price": 11, "discountRate": 50, "promo": "", "orgPrice": 22 },
      "NT": {
        "price": 11.55,
        "discountRate": 50,
        "promo": "",
        "orgPrice": 23.1
      }
    },
    "categoryIds": ["c-health-beauty"],
    "similarProducts": []
  },
  {
    "id": "revlon-kiss-glow-bouncy-beige-lip-oil",
    "name": "Kiss Glow Bouncy Beige Lip Oil",
    "brand": "Revlon",
    "imageUrls": [
      "https://shop.coles.com.au/wcsstore/Coles-CAS/images/3/6/9/3695576.jpg"
    ],
    "storeId": "coles",
    "packageSize": "6mL",
    "cupPrice": "$16.67 per 10mL",
    "locations": {
      "SA": { "price": 10, "discountRate": 50, "promo": "", "orgPrice": 20 },
      "QLD": { "price": 10, "discountRate": 50, "promo": "", "orgPrice": 20 },
      "NSW": { "price": 10, "discountRate": 50, "promo": "", "orgPrice": 20 },
      "WA": { "price": 10, "discountRate": 50, "promo": "", "orgPrice": 20 },
      "TAS": { "price": 10, "discountRate": 50, "promo": "", "orgPrice": 20 },
      "ACT": { "price": 10, "discountRate": 50, "promo": "", "orgPrice": 20 },
      "NT": { "price": 10.5, "discountRate": 50, "promo": "", "orgPrice": 21 }
    },
    "categoryIds": ["c-health-beauty"],
    "similarProducts": []
  },
  {
    "id": "revlon-so-fierce-eye-liner-vinyl-mighty-mocha",
    "name": "So Fierce Eye Liner Vinyl Mighty Mocha",
    "brand": "Revlon",
    "imageUrls": [
      "https://shop.coles.com.au/wcsstore/Coles-CAS/images/3/6/9/3695420.jpg"
    ],
    "storeId": "coles",
    "packageSize": "1.2g",
    "cupPrice": "$100.00 per 10G",
    "locations": {
      "SA": { "price": 12, "discountRate": 50, "promo": "", "orgPrice": 24 },
      "QLD": { "price": 12, "discountRate": 50, "promo": "", "orgPrice": 24 },
      "NSW": { "price": 12, "discountRate": 50, "promo": "", "orgPrice": 24 },
      "ACT": { "price": 12, "discountRate": 50, "promo": "", "orgPrice": 24 }
    },
    "categoryIds": ["c-health-beauty"],
    "similarProducts": []
  },
  {
    "id": "revlon-so-fierce-eye-liner-midnight-mystery",
    "name": "So Fierce Eye Liner Midnight Mystery",
    "brand": "Revlon",
    "imageUrls": [
      "https://shop.coles.com.au/wcsstore/Coles-CAS/images/3/6/9/3695383.jpg"
    ],
    "storeId": "coles",
    "packageSize": "1.2g",
    "cupPrice": "$100.00 per 10G",
    "locations": {
      "SA": { "price": 12, "discountRate": 50, "promo": "", "orgPrice": 24 },
      "QLD": { "price": 12, "discountRate": 50, "promo": "", "orgPrice": 24 },
      "NSW": { "price": 12, "discountRate": 50, "promo": "", "orgPrice": 24 },
      "ACT": { "price": 12, "discountRate": 50, "promo": "", "orgPrice": 24 }
    },
    "categoryIds": ["c-health-beauty"],
    "similarProducts": []
  },
  {
    "id": "revlon-skinlights-glimmer-prismatic-highlighter",
    "name": "Skinlights Glimmer Prismatic Highlighter",
    "brand": "Revlon",
    "imageUrls": [
      "https://shop.coles.com.au/wcsstore/Coles-CAS/images/3/6/9/3695612.jpg"
    ],
    "storeId": "coles",
    "packageSize": "8g",
    "cupPrice": "$15.63 per 10G",
    "locations": {
      "SA": { "price": 12.5, "discountRate": 50, "promo": "", "orgPrice": 25 },
      "QLD": { "price": 12.5, "discountRate": 50, "promo": "", "orgPrice": 25 },
      "NSW": { "price": 12.5, "discountRate": 50, "promo": "", "orgPrice": 25 },
      "ACT": { "price": 12.5, "discountRate": 50, "promo": "", "orgPrice": 25 }
    },
    "categoryIds": ["c-health-beauty"],
    "similarProducts": []
  },
  {
    "id": "revlon-colorstay-soft-blonde-brow-pencil",
    "name": "Colorstay Soft Blonde Brow Pencil",
    "brand": "Revlon",
    "imageUrls": [
      "https://shop.coles.com.au/wcsstore/Coles-CAS/images/3/6/9/3695496.jpg"
    ],
    "storeId": "coles",
    "packageSize": ".35g",
    "cupPrice": "$328.57 per 10G",
    "locations": {
      "SA": { "price": 11.5, "discountRate": 50, "promo": "", "orgPrice": 23 },
      "QLD": { "price": 11.5, "discountRate": 50, "promo": "", "orgPrice": 23 },
      "NSW": { "price": 11.5, "discountRate": 50, "promo": "", "orgPrice": 23 },
      "WA": { "price": 11.5, "discountRate": 50, "promo": "", "orgPrice": 23 },
      "TAS": { "price": 11.5, "discountRate": 50, "promo": "", "orgPrice": 23 },
      "ACT": { "price": 11.5, "discountRate": 50, "promo": "", "orgPrice": 23 },
      "NT": {
        "price": 12.07,
        "discountRate": 50,
        "promo": "",
        "orgPrice": 24.15
      }
    },
    "categoryIds": ["c-health-beauty"],
    "similarProducts": []
  },
  {
    "id": "revlon-photoready-primer-mattifying-pore-reducing",
    "name": "Photoready Mattifying Pore Reducing Primer",
    "brand": "Revlon",
    "imageUrls": [
      "https://shop.coles.com.au/wcsstore/Coles-CAS/images/3/6/9/3695598.jpg"
    ],
    "storeId": "coles",
    "packageSize": "30mL",
    "cupPrice": "$5.00 per 10mL",
    "locations": {
      "SA": { "price": 15, "discountRate": 50, "promo": "", "orgPrice": 30 },
      "QLD": { "price": 15, "discountRate": 50, "promo": "", "orgPrice": 30 },
      "NSW": { "price": 15, "discountRate": 50, "promo": "", "orgPrice": 30 },
      "WA": { "price": 15, "discountRate": 50, "promo": "", "orgPrice": 30 },
      "TAS": { "price": 15, "discountRate": 50, "promo": "", "orgPrice": 30 },
      "ACT": { "price": 15, "discountRate": 50, "promo": "", "orgPrice": 30 },
      "NT": {
        "price": 15.75,
        "discountRate": 50,
        "promo": "",
        "orgPrice": 31.5
      }
    },
    "categoryIds": ["c-health-beauty"],
    "similarProducts": []
  },
  {
    "id": "schick-hydro-sense-hydrate-kit",
    "name": "Hydro 5 Sense Hydrate Kit",
    "brand": "Schick",
    "imageUrls": [
      "https://shop.coles.com.au/wcsstore/Coles-CAS/images/3/3/6/3365731.jpg"
    ],
    "storeId": "coles",
    "packageSize": "1 pack",
    "cupPrice": "$8.00 per 1Ea",
    "locations": {
      "SA": { "price": 8, "discountRate": 50, "promo": "", "orgPrice": 16 },
      "QLD": { "price": 8, "discountRate": 50, "promo": "", "orgPrice": 16 },
      "NSW": { "price": 8, "discountRate": 50, "promo": "", "orgPrice": 16 },
      "WA": { "price": 8, "discountRate": 50, "promo": "", "orgPrice": 16 },
      "TAS": { "price": 8, "discountRate": 50, "promo": "", "orgPrice": 16 },
      "ACT": { "price": 8, "discountRate": 50, "promo": "", "orgPrice": 16 },
      "NT": { "price": 8.4, "discountRate": 50, "promo": "", "orgPrice": 16.8 }
    },
    "categoryIds": ["c-health-beauty"],
    "similarProducts": []
  },
  {
    "id": "schwarzkopf-specialist-3-0-imperial-brown",
    "name": "Colour Specialist Imperial Brown 3.0 Hair Colour",
    "brand": "Schwarzkopf",
    "imageUrls": [
      "https://shop.coles.com.au/wcsstore/Coles-CAS/images/3/2/7/3279378.jpg"
    ],
    "storeId": "coles",
    "packageSize": "1 pack",
    "cupPrice": "$9.50 per 1Ea",
    "locations": {
      "SA": { "price": 9.5, "discountRate": 50, "promo": "", "orgPrice": 19 },
      "QLD": { "price": 9.5, "discountRate": 50, "promo": "", "orgPrice": 19 },
      "NSW": { "price": 9.5, "discountRate": 50, "promo": "", "orgPrice": 19 },
      "WA": { "price": 9.5, "discountRate": 50, "promo": "", "orgPrice": 19 },
      "TAS": { "price": 9.5, "discountRate": 50, "promo": "", "orgPrice": 19 },
      "ACT": { "price": 9.5, "discountRate": 50, "promo": "", "orgPrice": 19 },
      "NT": {
        "price": 9.97,
        "discountRate": 50,
        "promo": "",
        "orgPrice": 19.950000000000003
      }
    },
    "categoryIds": ["c-health-beauty"],
    "similarProducts": []
  },
  {
    "id": "schwarzkopf-specialist-5-1-cool-light-brown",
    "name": "Colour Specialist 5-1 Cool Light Brown",
    "brand": "Schwarzkopf",
    "imageUrls": [
      "https://shop.coles.com.au/wcsstore/Coles-CAS/images/3/2/7/3279367.jpg"
    ],
    "storeId": "coles",
    "packageSize": "1 pack",
    "cupPrice": "$9.50 per 1Ea",
    "locations": {
      "SA": { "price": 9.5, "discountRate": 50, "promo": "", "orgPrice": 19 },
      "QLD": { "price": 9.5, "discountRate": 50, "promo": "", "orgPrice": 19 },
      "NSW": { "price": 9.5, "discountRate": 50, "promo": "", "orgPrice": 19 },
      "WA": { "price": 9.5, "discountRate": 50, "promo": "", "orgPrice": 19 },
      "TAS": { "price": 9.5, "discountRate": 50, "promo": "", "orgPrice": 19 },
      "ACT": { "price": 9.5, "discountRate": 50, "promo": "", "orgPrice": 19 },
      "NT": {
        "price": 9.97,
        "discountRate": 50,
        "promo": "",
        "orgPrice": 19.950000000000003
      }
    },
    "categoryIds": ["c-health-beauty"],
    "similarProducts": []
  },
  {
    "id": "schwarzkopf-specialist-8-1-cool-light-blonde",
    "name": "Colour Specialist 8.1 Cool Light Blonde Hair Colour",
    "brand": "Schwarzkopf",
    "imageUrls": [
      "https://shop.coles.com.au/wcsstore/Coles-CAS/images/3/2/6/3267539.jpg"
    ],
    "storeId": "coles",
    "packageSize": "1 pack",
    "cupPrice": "$9.50 per 1Ea",
    "locations": {
      "SA": { "price": 9.5, "discountRate": 50, "promo": "", "orgPrice": 19 },
      "QLD": { "price": 9.5, "discountRate": 50, "promo": "", "orgPrice": 19 },
      "NSW": { "price": 9.5, "discountRate": 50, "promo": "", "orgPrice": 19 },
      "WA": { "price": 9.5, "discountRate": 50, "promo": "", "orgPrice": 19 },
      "ACT": { "price": 9.5, "discountRate": 50, "promo": "", "orgPrice": 19 },
      "NT": {
        "price": 9.97,
        "discountRate": 50,
        "promo": "",
        "orgPrice": 19.950000000000003
      }
    },
    "categoryIds": ["c-health-beauty"],
    "similarProducts": []
  },
  {
    "id": "schwarzkopf-specialist-5-65-chocolate-brown",
    "name": "Colour Specialist 5.65 Chocolate Brown Hair Colour",
    "brand": "Schwarzkopf",
    "imageUrls": [
      "https://shop.coles.com.au/wcsstore/Coles-CAS/images/3/2/6/3267481.jpg"
    ],
    "storeId": "coles",
    "packageSize": "1 pack",
    "cupPrice": "$9.50 per 1Ea",
    "locations": {
      "SA": { "price": 9.5, "discountRate": 50, "promo": "", "orgPrice": 19 },
      "QLD": { "price": 9.5, "discountRate": 50, "promo": "", "orgPrice": 19 },
      "NSW": { "price": 9.5, "discountRate": 50, "promo": "", "orgPrice": 19 },
      "WA": { "price": 9.5, "discountRate": 50, "promo": "", "orgPrice": 19 },
      "TAS": { "price": 9.5, "discountRate": 50, "promo": "", "orgPrice": 19 },
      "ACT": { "price": 9.5, "discountRate": 50, "promo": "", "orgPrice": 19 },
      "NT": {
        "price": 9.97,
        "discountRate": 50,
        "promo": "",
        "orgPrice": 19.950000000000003
      }
    },
    "categoryIds": ["c-health-beauty"],
    "similarProducts": []
  },
  {
    "id": "sunsilk-shampoo-longer-stronger",
    "name": "Longer & Stronger Shampoo",
    "brand": "Sunsilk",
    "imageUrls": [
      "https://shop.coles.com.au/wcsstore/Coles-CAS/images/7/5/4/7547887.jpg"
    ],
    "storeId": "coles",
    "packageSize": "350mL",
    "cupPrice": "$0.79 per 100mL",
    "locations": {
      "SA": { "price": 2.75, "discountRate": 50, "promo": "", "orgPrice": 5.5 },
      "QLD": {
        "price": 2.75,
        "discountRate": 50,
        "promo": "",
        "orgPrice": 5.5
      },
      "NSW": {
        "price": 2.75,
        "discountRate": 50,
        "promo": "",
        "orgPrice": 5.5
      },
      "WA": { "price": 2.75, "discountRate": 50, "promo": "", "orgPrice": 5.5 },
      "TAS": {
        "price": 2.75,
        "discountRate": 50,
        "promo": "",
        "orgPrice": 5.5
      },
      "ACT": {
        "price": 2.75,
        "discountRate": 50,
        "promo": "",
        "orgPrice": 5.5
      },
      "NT": { "price": 2.89, "discountRate": 50, "promo": "", "orgPrice": 5.78 }
    },
    "categoryIds": ["c-health-beauty"],
    "similarProducts": []
  },
  {
    "id": "sunsilk-refreshing-hydration-conditioner-1854293p",
    "name": "Refreshing Hydration Conditioner",
    "brand": "Sunsilk",
    "imageUrls": [
      "https://shop.coles.com.au/wcsstore/Coles-CAS/images/1/8/5/1854293.jpg"
    ],
    "storeId": "coles",
    "packageSize": "700mL",
    "cupPrice": "$0.71 per 100mL",
    "locations": {
      "SA": { "price": 5, "discountRate": 50, "promo": "", "orgPrice": 10 },
      "QLD": { "price": 5, "discountRate": 50, "promo": "", "orgPrice": 10 },
      "NSW": { "price": 5, "discountRate": 50, "promo": "", "orgPrice": 10 },
      "WA": { "price": 5, "discountRate": 50, "promo": "", "orgPrice": 10 },
      "TAS": { "price": 5, "discountRate": 50, "promo": "", "orgPrice": 10 },
      "ACT": { "price": 5, "discountRate": 50, "promo": "", "orgPrice": 10 },
      "NT": { "price": 5.25, "discountRate": 50, "promo": "", "orgPrice": 10.5 }
    },
    "categoryIds": ["c-health-beauty"],
    "similarProducts": []
  },
  {
    "id": "sunsilk--soft-smooth-shampoo",
    "name": "Soft & Smooth Shampoo",
    "brand": "Sunsilk",
    "imageUrls": [
      "https://shop.coles.com.au/wcsstore/Coles-CAS/images/2/6/7/2672214.jpg"
    ],
    "storeId": "coles",
    "packageSize": "700mL",
    "cupPrice": "$0.71 per 100mL",
    "locations": {
      "SA": { "price": 5, "discountRate": 50, "promo": "", "orgPrice": 10 },
      "QLD": { "price": 5, "discountRate": 50, "promo": "", "orgPrice": 10 },
      "NSW": { "price": 5, "discountRate": 50, "promo": "", "orgPrice": 10 },
      "WA": { "price": 5, "discountRate": 50, "promo": "", "orgPrice": 10 },
      "TAS": { "price": 5, "discountRate": 50, "promo": "", "orgPrice": 10 },
      "ACT": { "price": 5, "discountRate": 50, "promo": "", "orgPrice": 10 },
      "NT": { "price": 5.25, "discountRate": 50, "promo": "", "orgPrice": 10.5 }
    },
    "categoryIds": ["c-health-beauty"],
    "similarProducts": []
  },
  {
    "id": "sunsilk-conditioner-soft-smooth",
    "name": "Soft & Smooth Conditioner",
    "brand": "Sunsilk",
    "imageUrls": [
      "https://shop.coles.com.au/wcsstore/Coles-CAS/images/2/6/7/2671878.jpg"
    ],
    "storeId": "coles",
    "packageSize": "700mL",
    "cupPrice": "$0.71 per 100mL",
    "locations": {
      "SA": { "price": 5, "discountRate": 50, "promo": "", "orgPrice": 10 },
      "QLD": { "price": 5, "discountRate": 50, "promo": "", "orgPrice": 10 },
      "NSW": { "price": 5, "discountRate": 50, "promo": "", "orgPrice": 10 },
      "WA": { "price": 5, "discountRate": 50, "promo": "", "orgPrice": 10 },
      "TAS": { "price": 5, "discountRate": 50, "promo": "", "orgPrice": 10 },
      "ACT": { "price": 5, "discountRate": 50, "promo": "", "orgPrice": 10 },
      "NT": { "price": 5.25, "discountRate": 50, "promo": "", "orgPrice": 10.5 }
    },
    "categoryIds": ["c-health-beauty"],
    "similarProducts": []
  },
  {
    "id": "sunsilk-conditioner-longer-stronger-7548948p",
    "name": "Longer & Stronger Conditioner",
    "brand": "Sunsilk",
    "imageUrls": [
      "https://shop.coles.com.au/wcsstore/Coles-CAS/images/7/5/4/7548948.jpg"
    ],
    "storeId": "coles",
    "packageSize": "350mL",
    "cupPrice": "$0.79 per 100mL",
    "locations": {
      "SA": { "price": 2.75, "discountRate": 50, "promo": "", "orgPrice": 5.5 },
      "QLD": {
        "price": 2.75,
        "discountRate": 50,
        "promo": "",
        "orgPrice": 5.5
      },
      "NSW": {
        "price": 2.75,
        "discountRate": 50,
        "promo": "",
        "orgPrice": 5.5
      },
      "WA": { "price": 2.75, "discountRate": 50, "promo": "", "orgPrice": 5.5 },
      "TAS": {
        "price": 2.75,
        "discountRate": 50,
        "promo": "",
        "orgPrice": 5.5
      },
      "ACT": {
        "price": 2.75,
        "discountRate": 50,
        "promo": "",
        "orgPrice": 5.5
      },
      "NT": { "price": 2.89, "discountRate": 50, "promo": "", "orgPrice": 5.78 }
    },
    "categoryIds": ["c-health-beauty"],
    "similarProducts": []
  },
  {
    "id": "green-blacks-crisps-salted-caramel-almond",
    "name": "Salted Caramel & Almonds Dark Chocolate Crisps",
    "brand": "Green & Black's",
    "imageUrls": [
      "https://shop.coles.com.au/wcsstore/Coles-CAS/images/3/5/3/3532403.jpg"
    ],
    "storeId": "coles",
    "packageSize": "120g",
    "cupPrice": "$2.29 per 100G",
    "locations": {
      "QLD": {
        "price": 2.75,
        "discountRate": 50,
        "promo": "",
        "orgPrice": 5.5
      },
      "NSW": {
        "price": 2.75,
        "discountRate": 50,
        "promo": "",
        "orgPrice": 5.5
      },
      "WA": { "price": 2.75, "discountRate": 50, "promo": "", "orgPrice": 5.5 },
      "ACT": { "price": 2.75, "discountRate": 50, "promo": "", "orgPrice": 5.5 }
    },
    "categoryIds": ["c-pantry"],
    "similarProducts": []
  },
  {
    "id": "green-blacks-crisps-raisin-hazelnut",
    "name": "Raisin & Hazelnuts Dark Chocolate Crisps",
    "brand": "Green & Black's",
    "imageUrls": [
      "https://shop.coles.com.au/wcsstore/Coles-CAS/images/3/5/3/3532414.jpg"
    ],
    "storeId": "coles",
    "packageSize": "120g",
    "cupPrice": "$2.29 per 100G",
    "locations": {
      "QLD": {
        "price": 2.75,
        "discountRate": 50,
        "promo": "",
        "orgPrice": 5.5
      },
      "NSW": {
        "price": 2.75,
        "discountRate": 50,
        "promo": "",
        "orgPrice": 5.5
      },
      "TAS": {
        "price": 2.75,
        "discountRate": 50,
        "promo": "",
        "orgPrice": 5.5
      },
      "ACT": { "price": 2.75, "discountRate": 50, "promo": "", "orgPrice": 5.5 }
    },
    "categoryIds": ["c-pantry"],
    "similarProducts": []
  },
  {
    "id": "swisse-kids-immune-health-60-tablets",
    "name": "Natural Apple Flavour Kids Immune Health Chewable Tablets",
    "brand": "Swisse",
    "imageUrls": [
      "https://shop.coles.com.au/wcsstore/Coles-CAS/images/3/6/2/3626347.jpg"
    ],
    "storeId": "coles",
    "packageSize": "60 pack",
    "cupPrice": "$0.21 per 1Ea",
    "locations": {
      "QLD": { "price": 12.5, "discountRate": 50, "promo": "", "orgPrice": 25 },
      "NSW": { "price": 12.5, "discountRate": 50, "promo": "", "orgPrice": 25 },
      "NT": {
        "price": 13.12,
        "discountRate": 50,
        "promo": "",
        "orgPrice": 26.25
      }
    },
    "categoryIds": ["c-healthy-living", "c-health-beauty"],
    "similarProducts": []
  },
  {
    "id": "swisse-vitamins-ultivite-tablets-childrens-9120362p",
    "name": "Children's Ultivite Multi Vitamin Tablets",
    "brand": "Swisse",
    "imageUrls": [
      "https://shop.coles.com.au/wcsstore/Coles-CAS/images/9/1/2/9120362.jpg"
    ],
    "storeId": "coles",
    "packageSize": "120 pack",
    "cupPrice": "$8.33 per 100Ea",
    "locations": {
      "QLD": { "price": 10, "discountRate": 50, "promo": "", "orgPrice": 20 },
      "NSW": { "price": 10, "discountRate": 50, "promo": "", "orgPrice": 20 },
      "NT": { "price": 10.5, "discountRate": 48, "promo": "", "orgPrice": 20 }
    },
    "categoryIds": ["c-healthy-living", "c-health-beauty"],
    "similarProducts": []
  },
  {
    "id": "swisse-ultiboost-vita-c-effervescent-tabs",
    "name": "Ultiboost Vitamin C 1000mg Strawberry 60 Effervescent Tablets",
    "brand": "Swisse",
    "imageUrls": [
      "https://shop.coles.com.au/wcsstore/Coles-CAS/images/9/1/2/9120464.jpg"
    ],
    "storeId": "coles",
    "packageSize": "1 pack",
    "cupPrice": "$15.00 per 1Ea",
    "locations": {
      "QLD": { "price": 15, "discountRate": 50, "promo": "", "orgPrice": 30 },
      "NSW": { "price": 15, "discountRate": 50, "promo": "", "orgPrice": 30 },
      "ACT": { "price": 15, "discountRate": 50, "promo": "", "orgPrice": 30 },
      "NT": { "price": 15.75, "discountRate": 48, "promo": "", "orgPrice": 30 }
    },
    "categoryIds": ["c-healthy-living", "c-health-beauty"],
    "similarProducts": []
  },
  {
    "id": "swisse-kids-fish-oil-60-capsules",
    "name": "Natural Orange Flavour Kids Fish Oil Chewable Capsules",
    "brand": "Swisse",
    "imageUrls": [
      "https://shop.coles.com.au/wcsstore/Coles-CAS/images/3/6/2/3626325.jpg"
    ],
    "storeId": "coles",
    "packageSize": "1 pack",
    "cupPrice": "$0.21 per 1Ea",
    "locations": {
      "QLD": { "price": 12.5, "discountRate": 50, "promo": "", "orgPrice": 25 },
      "NSW": { "price": 12.5, "discountRate": 50, "promo": "", "orgPrice": 25 },
      "NT": {
        "price": 13.12,
        "discountRate": 50,
        "promo": "",
        "orgPrice": 26.25
      }
    },
    "categoryIds": ["c-healthy-living", "c-health-beauty"],
    "similarProducts": []
  },
  {
    "id": "swisse-vitamins-ultiboost-tablets-wild-fish-oil-odourless",
    "name": "Odourless Wild Fish Oil 1000mg Omega 3 200 Capsules",
    "brand": "Swisse",
    "imageUrls": [
      "https://shop.coles.com.au/wcsstore/Coles-CAS/images/7/3/3/7336702.jpg"
    ],
    "storeId": "coles",
    "packageSize": "1 pack",
    "cupPrice": "$11.50 per 1Ea",
    "locations": {
      "QLD": { "price": 11.5, "discountRate": 50, "promo": "", "orgPrice": 23 },
      "NSW": { "price": 11.5, "discountRate": 50, "promo": "", "orgPrice": 23 },
      "ACT": { "price": 11.5, "discountRate": 50, "promo": "", "orgPrice": 23 },
      "NT": { "price": 11.5, "discountRate": 50, "promo": "", "orgPrice": 23 }
    },
    "categoryIds": ["c-healthy-living", "c-health-beauty"],
    "similarProducts": []
  },
  {
    "id": "swisse-kids-brain-health-dha-30-caplets",
    "name": "Kids Brain Health DHA+ Chewable Capsules",
    "brand": "Swisse",
    "imageUrls": [
      "https://shop.coles.com.au/wcsstore/Coles-CAS/images/3/6/2/3626358.jpg"
    ],
    "storeId": "coles",
    "packageSize": "30 pack",
    "cupPrice": "$0.42 per 1Ea",
    "locations": {
      "QLD": { "price": 12.5, "discountRate": 50, "promo": "", "orgPrice": 25 },
      "NSW": { "price": 12.5, "discountRate": 50, "promo": "", "orgPrice": 25 },
      "ACT": { "price": 12.5, "discountRate": 50, "promo": "", "orgPrice": 25 },
      "NT": {
        "price": 13.12,
        "discountRate": 50,
        "promo": "",
        "orgPrice": 26.25
      }
    },
    "categoryIds": ["c-healthy-living", "c-health-beauty"],
    "similarProducts": []
  },
  {
    "id": "swisse-uv-multivitamin-effervescent-tablets",
    "name": "UV Multivitamin Effervescent",
    "brand": "Swisse",
    "imageUrls": [
      "https://shop.coles.com.au/wcsstore/Coles-CAS/images/3/7/5/3758348.jpg"
    ],
    "storeId": "coles",
    "packageSize": "20 PACK",
    "cupPrice": "",
    "locations": {
      "QLD": { "price": 6.5, "discountRate": 50, "promo": "", "orgPrice": 13 },
      "NSW": { "price": 6.5, "discountRate": 50, "promo": "", "orgPrice": 13 },
      "ACT": { "price": 6.5, "discountRate": 50, "promo": "", "orgPrice": 13 },
      "NT": {
        "price": 6.82,
        "discountRate": 50,
        "promo": "",
        "orgPrice": 13.65
      }
    },
    "categoryIds": ["c-healthy-living", "c-health-beauty"],
    "similarProducts": []
  },
  {
    "id": "vitaqik-liposomal-d3-k2-spray",
    "name": "Liposomal D3 & K2 Spray",
    "brand": "Vitaqik",
    "imageUrls": [
      "https://shop.coles.com.au/wcsstore/Coles-CAS/images/3/7/5/3758166.jpg"
    ],
    "storeId": "coles",
    "packageSize": "50mL",
    "cupPrice": "$20.00 per 100mL",
    "locations": {
      "QLD": { "price": 10, "discountRate": 50, "promo": "", "orgPrice": 20 },
      "NSW": { "price": 10, "discountRate": 50, "promo": "", "orgPrice": 20 },
      "ACT": { "price": 10, "discountRate": 50, "promo": "", "orgPrice": 20 },
      "NT": { "price": 10.5, "discountRate": 50, "promo": "", "orgPrice": 21 }
    },
    "categoryIds": ["c-healthy-living", "c-health-beauty"],
    "similarProducts": []
  },
  {
    "id": "vitaqik-liposomal-vitamin-b12-3758155p",
    "name": "Liposomal Vitamin B12",
    "brand": "Vitaqik",
    "imageUrls": [
      "https://shop.coles.com.au/wcsstore/Coles-CAS/images/3/7/5/3758155.jpg"
    ],
    "storeId": "coles",
    "packageSize": "50mL",
    "cupPrice": "$20.00 per 100mL",
    "locations": {
      "QLD": { "price": 10, "discountRate": 50, "promo": "", "orgPrice": 20 },
      "NSW": { "price": 10, "discountRate": 50, "promo": "", "orgPrice": 20 },
      "ACT": { "price": 10, "discountRate": 50, "promo": "", "orgPrice": 20 },
      "NT": { "price": 10.5, "discountRate": 50, "promo": "", "orgPrice": 21 }
    },
    "categoryIds": ["c-healthy-living", "c-health-beauty"],
    "similarProducts": []
  },
  {
    "id": "smash-wetsuit-pencil-case-large",
    "name": "Wetsuit Pencil Case Large",
    "brand": "Smash",
    "imageUrls": [
      "https://shop.coles.com.au/wcsstore/Coles-CAS/images/3/1/8/3187848.jpg"
    ],
    "storeId": "coles",
    "packageSize": "",
    "cupPrice": "$3.50 per 1Ea",
    "locations": {
      "QLD": { "price": 3.5, "discountRate": 50, "promo": "", "orgPrice": 7 },
      "NSW": { "price": 3.5, "discountRate": 50, "promo": "", "orgPrice": 7 },
      "WA": { "price": 3.5, "discountRate": 50, "promo": "", "orgPrice": 7 },
      "ACT": { "price": 3.5, "discountRate": 50, "promo": "", "orgPrice": 7 },
      "NT": { "price": 3.5, "discountRate": 50, "promo": "", "orgPrice": 7 }
    },
    "categoryIds": ["c-household"],
    "similarProducts": []
  },
  {
    "id": "schick-intuition-fab-refill",
    "name": "Intuition F.A.B Refill",
    "brand": "Schick",
    "imageUrls": [
      "https://shop.coles.com.au/wcsstore/Coles-CAS/images/3/2/3/3236014.jpg"
    ],
    "storeId": "coles",
    "packageSize": "3 pack",
    "cupPrice": "$2.67 per 1Ea",
    "locations": {
      "QLD": { "price": 8, "discountRate": 50, "promo": "", "orgPrice": 16 },
      "NSW": { "price": 8, "discountRate": 50, "promo": "", "orgPrice": 16 },
      "TAS": { "price": 8, "discountRate": 50, "promo": "", "orgPrice": 16 },
      "ACT": { "price": 8, "discountRate": 50, "promo": "", "orgPrice": 16 },
      "NT": { "price": 8.4, "discountRate": 50, "promo": "", "orgPrice": 16.8 }
    },
    "categoryIds": ["c-health-beauty"],
    "similarProducts": []
  },
  {
    "id": "loreal-elnett-hairspray-flexible-hold",
    "name": "Paris Elnett Flexible Hold Hairspray",
    "brand": "L'Oreal",
    "imageUrls": [
      "https://shop.coles.com.au/wcsstore/Coles-CAS/images/3/5/3/3536313.jpg"
    ],
    "storeId": "coles",
    "packageSize": "75mL",
    "cupPrice": "$3.33 per 100mL",
    "locations": {
      "QLD": { "price": 2.5, "discountRate": 50, "promo": "", "orgPrice": 5 },
      "NSW": { "price": 2.5, "discountRate": 50, "promo": "", "orgPrice": 5 },
      "TAS": { "price": 2.5, "discountRate": 50, "promo": "", "orgPrice": 5 },
      "NT": { "price": 2.62, "discountRate": 50, "promo": "", "orgPrice": 5.25 }
    },
    "categoryIds": ["c-health-beauty"],
    "similarProducts": []
  },
  {
    "id": "schick-intuition-fab-kit-1",
    "name": "Intuition F.A.B Razor + 2 Blades Kit",
    "brand": "Schick",
    "imageUrls": [
      "https://shop.coles.com.au/wcsstore/Coles-CAS/images/3/2/3/3236003.jpg"
    ],
    "storeId": "coles",
    "packageSize": "1 pack",
    "cupPrice": "$8.00 per 1Ea",
    "locations": {
      "QLD": { "price": 8, "discountRate": 50, "promo": "", "orgPrice": 16 },
      "NSW": { "price": 8, "discountRate": 50, "promo": "", "orgPrice": 16 },
      "TAS": { "price": 8, "discountRate": 50, "promo": "", "orgPrice": 16 },
      "ACT": { "price": 8, "discountRate": 50, "promo": "", "orgPrice": 16 },
      "NT": { "price": 8.4, "discountRate": 50, "promo": "", "orgPrice": 16.8 }
    },
    "categoryIds": ["c-health-beauty"],
    "similarProducts": []
  },
  {
    "id": "swisse-kids-bone-health-60-tablets",
    "name": "Natural Vanilla Flavour Kids Bone Health Chewable Tablets",
    "brand": "Swisse",
    "imageUrls": [
      "https://shop.coles.com.au/wcsstore/Coles-CAS/images/3/6/2/3626314.jpg"
    ],
    "storeId": "coles",
    "packageSize": "60 pack",
    "cupPrice": "$0.21 per 1Ea",
    "locations": {
      "QLD": { "price": 12.5, "discountRate": 50, "promo": "", "orgPrice": 25 },
      "NSW": { "price": 12.5, "discountRate": 50, "promo": "", "orgPrice": 25 },
      "ACT": { "price": 12.5, "discountRate": 50, "promo": "", "orgPrice": 25 },
      "NT": {
        "price": 13.12,
        "discountRate": 50,
        "promo": "",
        "orgPrice": 26.25
      }
    },
    "categoryIds": ["c-health-beauty"],
    "similarProducts": []
  },
  {
    "id": "smash-basic-lunch-bag",
    "name": "Basic Lunch Bag",
    "brand": "Smash",
    "imageUrls": [
      "https://shop.coles.com.au/wcsstore/Coles-CAS/images/4/6/5/4659090.jpg"
    ],
    "storeId": "coles",
    "packageSize": "",
    "cupPrice": "$4.32 per 1ea",
    "locations": {
      "NSW": {
        "price": 4.32,
        "discountRate": 50,
        "promo": "",
        "orgPrice": 8.65
      }
    },
    "categoryIds": ["c-back-to-school", "c-household"],
    "similarProducts": []
  },
  {
    "id": "chobani-yoghurt-flip-lemon-meringue-pie-3246685p",
    "name": "Flip Lemon Meringue Tang Yoghurt",
    "brand": "Chobani",
    "imageUrls": [
      "https://shop.coles.com.au/wcsstore/Coles-CAS/images/3/2/4/3246685.jpg"
    ],
    "storeId": "coles",
    "packageSize": "140g",
    "cupPrice": "$1.07 per 100G",
    "locations": {
      "NSW": { "price": 1.5, "discountRate": 50, "promo": "", "orgPrice": 3 },
      "WA": { "price": 1.5, "discountRate": 50, "promo": "", "orgPrice": 3 },
      "ACT": { "price": 1.5, "discountRate": 50, "promo": "", "orgPrice": 3 },
      "NT": { "price": 1.5, "discountRate": 54, "promo": "", "orgPrice": 3.24 }
    },
    "categoryIds": ["c-dairy-eggs-meals"],
    "similarProducts": []
  },
  {
    "id": "chobani-flip-choc-haze-craze-yoghurt",
    "name": "Flip Chocolate Haze Craze Yoghurt",
    "brand": "Chobani",
    "imageUrls": [
      "https://shop.coles.com.au/wcsstore/Coles-CAS/images/2/9/7/2975012.jpg"
    ],
    "storeId": "coles",
    "packageSize": "140g",
    "cupPrice": "$1.07 per 100G",
    "locations": {
      "NSW": { "price": 1.5, "discountRate": 50, "promo": "", "orgPrice": 3 }
    },
    "categoryIds": ["c-dairy-eggs-meals"],
    "similarProducts": []
  },
  {
    "id": "thins-potato-chips-tzatziki",
    "name": "Tzatziki Potato Chips",
    "brand": "Thins",
    "imageUrls": [
      "https://shop.coles.com.au/wcsstore/Coles-CAS/images/3/7/1/3715662.jpg"
    ],
    "storeId": "coles",
    "packageSize": "150g",
    "cupPrice": "$1.17 per 100G",
    "locations": {
      "NSW": { "price": 1.75, "discountRate": 50, "promo": "", "orgPrice": 3.5 }
    },
    "categoryIds": ["c-pantry"],
    "similarProducts": []
  },
  {
    "id": "doritos-corn-chips-wonder-woman",
    "name": "Wonder Woman Corn Chips",
    "brand": "Doritos",
    "imageUrls": [
      "https://shop.coles.com.au/wcsstore/Coles-CAS/images/3/7/8/3789013.jpg"
    ],
    "storeId": "coles",
    "packageSize": "150g",
    "cupPrice": "$1.17 per 100G",
    "locations": {
      "NSW": {
        "price": 1.75,
        "discountRate": 50,
        "promo": "",
        "orgPrice": 3.5
      },
      "WA": { "price": 1.75, "discountRate": 50, "promo": "", "orgPrice": 3.5 }
    },
    "categoryIds": ["c-pantry"],
    "similarProducts": []
  },
  {
    "id": "nexba-tonic-water-cans-lime-cucumber-mint",
    "name": "Lime Cucumber Mint Tonic Water Cans 250mL",
    "brand": "Nexba",
    "imageUrls": [
      "https://shop.coles.com.au/wcsstore/Coles-CAS/images/3/7/1/3714273.jpg"
    ],
    "storeId": "coles",
    "packageSize": "4 pack",
    "cupPrice": "$2.97 per 1L",
    "locations": {
      "NSW": {
        "price": 2.97,
        "discountRate": 50,
        "promo": "",
        "orgPrice": 5.95
      },
      "TAS": { "price": 2.7, "discountRate": 50, "promo": "", "orgPrice": 5.4 },
      "ACT": {
        "price": 2.97,
        "discountRate": 50,
        "promo": "",
        "orgPrice": 5.95
      }
    },
    "categoryIds": ["c-drinks"],
    "similarProducts": []
  },
  {
    "id": "loacker-quadratini-hazelnut",
    "name": "Quadratini Napolitaner Bite Size Wafer Cookies",
    "brand": "Loacker",
    "imageUrls": [
      "https://shop.coles.com.au/wcsstore/Coles-CAS/images/9/7/3/9732289.jpg"
    ],
    "storeId": "coles",
    "packageSize": "125g",
    "cupPrice": "$1.10 per 100G",
    "locations": {
      "NSW": {
        "price": 1.37,
        "discountRate": 50,
        "promo": "",
        "orgPrice": 2.75
      }
    },
    "categoryIds": ["c-international-foods"],
    "similarProducts": []
  },
  {
    "id": "loacker-quadratini-chocolate-wafers",
    "name": "Quadratini Bite Size Wafers Chocolate",
    "brand": "Loacker",
    "imageUrls": [
      "https://shop.coles.com.au/wcsstore/Coles-CAS/images/5/3/1/5312408.jpg"
    ],
    "storeId": "coles",
    "packageSize": "150g",
    "cupPrice": "$0.91 per 100G",
    "locations": {
      "NSW": {
        "price": 1.37,
        "discountRate": 50,
        "promo": "",
        "orgPrice": 2.75
      }
    },
    "categoryIds": ["c-international-foods"],
    "similarProducts": []
  },
  {
    "id": "loacker-quadratini-tiramisu-wafers",
    "name": "Quadratini Tiramisu Wafers",
    "brand": "Loacker",
    "imageUrls": [
      "https://shop.coles.com.au/wcsstore/Coles-CAS/images/7/1/8/7184740.jpg"
    ],
    "storeId": "coles",
    "packageSize": "110g",
    "cupPrice": "$1.25 per 100G",
    "locations": {
      "NSW": {
        "price": 1.37,
        "discountRate": 50,
        "promo": "",
        "orgPrice": 2.75
      }
    },
    "categoryIds": ["c-international-foods"],
    "similarProducts": []
  },
  {
    "id": "kedem-juice-grape-concord-7477668p",
    "name": "Concord Grape Juice",
    "brand": "Kedem",
    "imageUrls": [
      "https://shop.coles.com.au/wcsstore/Coles-CAS/images/7/4/7/7477668.jpg"
    ],
    "storeId": "coles",
    "packageSize": "2.84L",
    "cupPrice": "$1.76 per 1L",
    "locations": {
      "NSW": { "price": 5, "discountRate": 65, "promo": "", "orgPrice": 14.4 }
    },
    "categoryIds": ["c-international-foods"],
    "similarProducts": []
  },
  {
    "id": "smash-driver-tumbler-560ml",
    "name": "Driver Tumbler 560mL",
    "brand": "Smash",
    "imageUrls": [
      "https://shop.coles.com.au/wcsstore/Coles-CAS/images/3/3/8/3380597.jpg"
    ],
    "storeId": "coles",
    "packageSize": "",
    "cupPrice": "$7.00 per 1Ea",
    "locations": {
      "NSW": { "price": 7, "discountRate": 50, "promo": "", "orgPrice": 14 }
    },
    "categoryIds": ["c-household"],
    "similarProducts": []
  },
  {
    "id": "wif-fix-air-freshener-with-bite",
    "name": "With Bite Air Freshener",
    "brand": "Wif-Fix",
    "imageUrls": [
      "https://shop.coles.com.au/wcsstore/Coles-CAS/images/8/7/0/8706738.jpg"
    ],
    "storeId": "coles",
    "packageSize": "1 pack",
    "cupPrice": "$0.61 per 1ea",
    "locations": {
      "NSW": {
        "price": 0.61,
        "discountRate": 75,
        "promo": "",
        "orgPrice": 2.45
      }
    },
    "categoryIds": ["c-household"],
    "similarProducts": []
  },
  {
    "id": "smash-adventure-food-flask-330ml",
    "name": "Adventure Food Flask 330mL",
    "brand": "Smash",
    "imageUrls": [
      "https://shop.coles.com.au/wcsstore/Coles-CAS/images/3/3/8/3380633.jpg"
    ],
    "storeId": "coles",
    "packageSize": "",
    "cupPrice": "$10.00 per 1Ea",
    "locations": {
      "NSW": { "price": 10, "discountRate": 50, "promo": "", "orgPrice": 20 }
    },
    "categoryIds": ["c-household"],
    "similarProducts": []
  },
  {
    "id": "smash-twin-wall-glass-infuser-400ml",
    "name": "Twin Wall Glass Infuser 400mL",
    "brand": "Smash",
    "imageUrls": [
      "https://shop.coles.com.au/wcsstore/Coles-CAS/images/3/3/8/3380600.jpg"
    ],
    "storeId": "coles",
    "packageSize": "",
    "cupPrice": "$7.50 per 1Ea",
    "locations": {
      "NSW": { "price": 7.5, "discountRate": 50, "promo": "", "orgPrice": 15 }
    },
    "categoryIds": ["c-household"],
    "similarProducts": []
  },
  {
    "id": "nude-food-lunch-box-7287120p",
    "name": "Rubbish Free Lunch Box",
    "brand": "Nude Food Movers",
    "imageUrls": [
      "https://shop.coles.com.au/wcsstore/Coles-CAS/images/7/2/8/7287120.jpg"
    ],
    "storeId": "coles",
    "packageSize": "",
    "cupPrice": "",
    "locations": {
      "NSW": { "price": 7.1, "discountRate": 50, "promo": "", "orgPrice": 14.2 }
    },
    "categoryIds": ["c-household"],
    "similarProducts": []
  },
  {
    "id": "smash-lunch-cold-box",
    "name": "Cold Box",
    "brand": "Smash",
    "imageUrls": [
      "https://shop.coles.com.au/wcsstore/ColesResponsiveStorefrontAssetStore/dist/ccfc54aed6e361b650bcf0582f7b576b/img/img_product-placeholder.png"
    ],
    "storeId": "coles",
    "packageSize": "",
    "cupPrice": "$5.45 per 1Ea",
    "locations": {
      "NSW": {
        "price": 5.45,
        "discountRate": 50,
        "promo": "",
        "orgPrice": 10.9
      }
    },
    "categoryIds": ["c-household"],
    "similarProducts": []
  },
  {
    "id": "smash-lunch-bowl",
    "name": "Lunch Bowl",
    "brand": "Smash",
    "imageUrls": [
      "https://shop.coles.com.au/wcsstore/ColesResponsiveStorefrontAssetStore/dist/ccfc54aed6e361b650bcf0582f7b576b/img/img_product-placeholder.png"
    ],
    "storeId": "coles",
    "packageSize": "",
    "cupPrice": "$4.00 per 1Ea",
    "locations": {
      "NSW": { "price": 4, "discountRate": 50, "promo": "", "orgPrice": 8 }
    },
    "categoryIds": ["c-household"],
    "similarProducts": []
  },
  {
    "id": "smash-name-pencil-case-small",
    "name": "Name Pencil Case",
    "brand": "Smash",
    "imageUrls": [
      "https://shop.coles.com.au/wcsstore/Coles-CAS/images/3/1/8/3187870.jpg"
    ],
    "storeId": "coles",
    "packageSize": "",
    "cupPrice": "$1.50 per 1Ea",
    "locations": {
      "NSW": { "price": 1.5, "discountRate": 50, "promo": "", "orgPrice": 3 },
      "ACT": { "price": 1.5, "discountRate": 50, "promo": "", "orgPrice": 3 }
    },
    "categoryIds": ["c-household"],
    "similarProducts": []
  },
  {
    "id": "revlon-colorstay-buff-make-up-combination",
    "name": "Colorstay Makeup For Combination/Oily Skin Buff Foundation",
    "brand": "Revlon",
    "imageUrls": [
      "https://shop.coles.com.au/wcsstore/Coles-CAS/images/3/0/1/3019639.jpg"
    ],
    "storeId": "coles",
    "packageSize": "30mL",
    "cupPrice": "$5.83 per 10mL",
    "locations": {
      "NSW": { "price": 17.5, "discountRate": 50, "promo": "", "orgPrice": 35 }
    },
    "categoryIds": ["c-health-beauty"],
    "similarProducts": []
  },
  {
    "id": "mars-celebration-bottle",
    "name": "Celebration Bottle",
    "brand": "Mars",
    "imageUrls": [
      "https://shop.coles.com.au/wcsstore/Coles-CAS/images/3/3/9/3394762.jpg"
    ],
    "storeId": "coles",
    "packageSize": "320g",
    "cupPrice": "$3.13 per 100G",
    "locations": {
      "WA": { "price": 10, "discountRate": 50, "promo": "", "orgPrice": 20 }
    },
    "categoryIds": ["c-entertaining-at-home", "c-pantry"],
    "similarProducts": []
  },
  {
    "id": "elmers-metallic-glitter-glue-177ml",
    "name": "Classic Metallic Glitter Glue",
    "brand": "Elmer's",
    "imageUrls": [
      "https://shop.coles.com.au/wcsstore/Coles-CAS/images/3/3/3/3330577.jpg"
    ],
    "storeId": "coles",
    "packageSize": "177mL",
    "cupPrice": "$1.97 per 100mL",
    "locations": {
      "WA": {
        "price": 3.49,
        "discountRate": 50,
        "promo": "",
        "orgPrice": 6.99
      },
      "TAS": {
        "price": 3.49,
        "discountRate": 50,
        "promo": "",
        "orgPrice": 6.99
      }
    },
    "categoryIds": ["c-household"],
    "similarProducts": []
  },
  {
    "id": "chobani-flip-yoghurt-mango-passion",
    "name": "Flip Mango Passion Tango Yoghurt",
    "brand": "Chobani",
    "imageUrls": [
      "https://shop.coles.com.au/wcsstore/Coles-CAS/images/3/0/8/3089827.jpg"
    ],
    "storeId": "coles",
    "packageSize": "140g",
    "cupPrice": "$1.07 per 100G",
    "locations": {
      "TAS": { "price": 1.5, "discountRate": 50, "promo": "", "orgPrice": 3 },
      "ACT": { "price": 1.5, "discountRate": 50, "promo": "", "orgPrice": 3 }
    },
    "categoryIds": ["c-dairy-eggs-meals"],
    "similarProducts": []
  },
  {
    "id": "schweppes-no-sug-10x375ml-soft-drink-lemonade",
    "name": "Lemonade Flavoured Zero Sugar Multipack Cans 375mL",
    "brand": "Schweppes",
    "imageUrls": [
      "https://shop.coles.com.au/wcsstore/Coles-CAS/images/3/4/4/3448249.jpg"
    ],
    "storeId": "coles",
    "packageSize": "10 pack",
    "cupPrice": "$1.47 per 1L",
    "locations": {
      "TAS": {
        "price": 5.52,
        "discountRate": 50,
        "promo": "",
        "orgPrice": 11.05
      }
    },
    "categoryIds": ["c-drinks"],
    "similarProducts": []
  },
  {
    "id": "smash-writing-pad-a4-smash-writing-pad-a4",
    "name": "A5 Writing Pad",
    "brand": "Smash",
    "imageUrls": [
      "https://shop.coles.com.au/wcsstore/Coles-CAS/images/3/1/8/3187837.jpg"
    ],
    "storeId": "coles",
    "packageSize": "",
    "cupPrice": "$1.75 per 1Ea",
    "locations": {
      "ACT": { "price": 1.75, "discountRate": 50, "promo": "", "orgPrice": 3.5 }
    },
    "categoryIds": ["c-household"],
    "similarProducts": []
  },
  {
    "id": "schwarzkopf-specialist-4-54-medium-hazel-brown",
    "name": "Colour Specialist 4.54 Medium Hazelnut Brown Hair Colour",
    "brand": "Schwarzkopf",
    "imageUrls": [
      "https://shop.coles.com.au/wcsstore/Coles-CAS/images/3/2/6/3267506.jpg"
    ],
    "storeId": "coles",
    "packageSize": "1 pack",
    "cupPrice": "$9.50 per 1Ea",
    "locations": {
      "ACT": { "price": 9.5, "discountRate": 50, "promo": "", "orgPrice": 19 }
    },
    "categoryIds": ["c-health-beauty"],
    "similarProducts": []
  },
  {
    "id": "colgate-adult-twister-soft-tothbrush",
    "name": "Adult Twister Soft Toothbrush",
    "brand": "Colgate",
    "imageUrls": [
      "https://shop.coles.com.au/wcsstore/ColesResponsiveStorefrontAssetStore/dist/ccfc54aed6e361b650bcf0582f7b576b/img/img_product-placeholder.png"
    ],
    "storeId": "coles",
    "packageSize": "5 PACK",
    "cupPrice": "",
    "locations": {
      "ACT": { "price": 5, "discountRate": 50, "promo": "", "orgPrice": 10 }
    },
    "categoryIds": ["c-health-beauty"],
    "similarProducts": []
  },
  {
    "id": "schwarzkopf-specialist-1-0-rich-black",
    "name": "Colour Specialist 1.0 Opulent Black Hair Colour",
    "brand": "Schwarzkopf",
    "imageUrls": [
      "https://shop.coles.com.au/wcsstore/Coles-CAS/images/3/2/6/3267459.jpg"
    ],
    "storeId": "coles",
    "packageSize": "1 pack",
    "cupPrice": "$9.50 per 1Ea",
    "locations": {
      "ACT": { "price": 9.5, "discountRate": 50, "promo": "", "orgPrice": 19 }
    },
    "categoryIds": ["c-health-beauty"],
    "similarProducts": []
  },
  {
    "id": "schwarzkopf-specialist-6-88-rich-ruby",
    "name": "Colour Specialist 6.88 Rich Ruby",
    "brand": "Schwarzkopf",
    "imageUrls": [
      "https://shop.coles.com.au/wcsstore/Coles-CAS/images/3/2/6/3267448.jpg"
    ],
    "storeId": "coles",
    "packageSize": "1 pack",
    "cupPrice": "$9.50 per 1Ea",
    "locations": {
      "ACT": { "price": 9.5, "discountRate": 50, "promo": "", "orgPrice": 19 }
    },
    "categoryIds": ["c-health-beauty"],
    "similarProducts": []
  }
]

