[{"id":"parkers-pretzels-original","name":"Original Pretzels 6 pack","brand":"Parker's","imageUrls":["https://shop.coles.com.au/wcsstore/Coles-CAS/images/9/2/8/9283061.jpg"],"storeId":"coles","packageSize":"150g","cupPrice":"$2.07 per 100G","locations":{"VIC":{"price":3.1,"discountRate":19,"promo":"Any 2 $5","orgPrice":3.1}},"categoryIds":["c-back-to-school","c-pantry"],"similarProductIds":[]},{"id":"oreo-original-vanilla-cr%C3%A8me-biscuits-2710437p","name":"Original Crème Biscuits","brand":"Oreo","imageUrls":["https://shop.coles.com.au/wcsstore/Coles-CAS/images/2/7/1/2710437.jpg"],"storeId":"coles","packageSize":"133g","cupPrice":"$1.13 per 100G","locations":{"VIC":{"price":1.5,"discountRate":25,"promo":"","orgPrice":2}},"categoryIds":["c-back-to-school","c-entertaining-at-home","c-pantry"],"similarProductIds":[]},{"id":"kelloggs-cereal-rice-bubbles-8495803p","name":"Rice Bubbles Puffed Rice Breakfast Cereal","brand":"Kellogg's","imageUrls":["https://shop.coles.com.au/wcsstore/Coles-CAS/images/8/4/9/8495803.jpg"],"storeId":"coles","packageSize":"410g","cupPrice":"$0.97 per 100G","locations":{"VIC":{"price":3.97,"discountRate":25,"promo":"","orgPrice":5.300000000000001}},"categoryIds":["c-back-to-school","c-pantry"],"similarProductIds":[]},{"id":"healtheries-kidscare-rice-wheels-burger-10-pack","name":"KidsCare Burger Wheels Rice Snacks 10 pack","brand":"Healtheries","imageUrls":["https://shop.coles.com.au/wcsstore/Coles-CAS/images/7/2/4/7247894.jpg"],"storeId":"coles","packageSize":"180g","cupPrice":"$2.89 per 100G","locations":{"VIC":{"price":5.2,"discountRate":23,"promo":"Any 2 $8","orgPrice":5.2}},"categoryIds":["c-back-to-school","c-pantry","c-healthy-living"],"similarProductIds":[]},{"id":"simsons-pantry-premium-white-wraps-4pack","name":"Premium White Wraps 4 Pack","brand":"Simson's Pantry","imageUrls":["https://shop.coles.com.au/wcsstore/Coles-CAS/images/2/8/1/2815570.jpg"],"storeId":"coles","packageSize":"180g","cupPrice":"$1.28 per 100G","locations":{"VIC":{"price":2.3,"discountRate":13,"promo":"Any 2 $4","orgPrice":2.3}},"categoryIds":["c-back-to-school","c-bread--bakery"],"similarProductIds":[]},{"id":"vegemite-spread-5998852p","name":"Spread","brand":"Vegemite","imageUrls":["https://shop.coles.com.au/wcsstore/Coles-CAS/images/5/9/9/5998852.jpg"],"storeId":"coles","packageSize":"380g","cupPrice":"$1.32 per 100G","locations":{"VIC":{"price":5,"discountRate":23,"promo":"","orgPrice":6.5}},"categoryIds":["c-back-to-school","c-pantry"],"similarProductIds":[]},{"id":"glad-cling-wrap","name":"Cling Wrap 30m X 33cm","brand":"Glad","imageUrls":["https://shop.coles.com.au/wcsstore/Coles-CAS/images/1/0/6/106282.jpg"],"storeId":"coles","packageSize":"30m","cupPrice":"$0.07 per 1M","locations":{"VIC":{"price":1.95,"discountRate":0,"promo":"","orgPrice":1.95}},"categoryIds":["c-back-to-school","c-household"],"similarProductIds":[]},{"id":"uncle-tobys-roll-ups-rainbow-berry","name":"Rainbow Berry Berry Roll Ups","brand":"Uncle Tobys","imageUrls":["https://shop.coles.com.au/wcsstore/Coles-CAS/images/6/8/9/6899164.jpg"],"storeId":"coles","packageSize":"94g","cupPrice":"$4.26 per 100G","locations":{"VIC":{"price":4,"discountRate":25,"promo":"Any 2 $6","orgPrice":4}},"categoryIds":["c-back-to-school","c-pantry"],"similarProductIds":[]},{"id":"simsons-pantry-four-seeds-wraps-4-pack","name":"Four Seeds Wraps 4 pack","brand":"Simson's Pantry","imageUrls":["https://shop.coles.com.au/wcsstore/Coles-CAS/images/2/8/1/2815581.jpg"],"storeId":"coles","packageSize":"180g","cupPrice":"$1.28 per 100G","locations":{"VIC":{"price":2.3,"discountRate":13,"promo":"Any 2 $4","orgPrice":2.3}},"categoryIds":["c-back-to-school","c-bread--bakery"],"similarProductIds":[]},{"id":"healtheries-kidscare-rice-wheels-chicken","name":"KidsCare Roast Chicken Wheels Rice Snacks 10 pack","brand":"Healtheries","imageUrls":["https://shop.coles.com.au/wcsstore/Coles-CAS/images/5/2/5/5251416.jpg"],"storeId":"coles","packageSize":"180g","cupPrice":"$2.89 per 100G","locations":{"VIC":{"price":5.2,"discountRate":23,"promo":"Any 2 $8","orgPrice":5.2}},"categoryIds":["c-back-to-school","c-pantry","c-healthy-living"],"similarProductIds":[]},{"id":"kraft-mini-original-oreo-cookies","name":"Original Mini Biscuit Multipack","brand":"Oreo","imageUrls":["https://shop.coles.com.au/wcsstore/Coles-CAS/images/1/8/4/1843854.jpg"],"storeId":"coles","packageSize":"230g","cupPrice":"$1.30 per 100G","locations":{"VIC":{"price":3,"discountRate":24,"promo":"","orgPrice":3.95}},"categoryIds":["c-back-to-school","c-entertaining-at-home","c-pantry"],"similarProductIds":[]},{"id":"healtheries-kidscare-rice-wheels-cheese","name":"KidsCare Cheese Wheels Rice Snacks 10 pack","brand":"Healtheries","imageUrls":["https://shop.coles.com.au/wcsstore/Coles-CAS/images/9/7/3/9734885.jpg"],"storeId":"coles","packageSize":"180g","cupPrice":"$2.89 per 100G","locations":{"VIC":{"price":5.2,"discountRate":23,"promo":"Any 2 $8","orgPrice":5.2}},"categoryIds":["c-back-to-school","c-pantry","c-healthy-living"],"similarProductIds":[]},{"id":"simsons-pantry-summer-herb-wraps-4pack","name":"Summer Herb Wraps 4 pack","brand":"Simson's Pantry","imageUrls":["https://shop.coles.com.au/wcsstore/Coles-CAS/images/2/8/1/2815592.jpg"],"storeId":"coles","packageSize":"180g","cupPrice":"$1.28 per 100G","locations":{"VIC":{"price":2.3,"discountRate":13,"promo":"Any 2 $4","orgPrice":2.3}},"categoryIds":["c-back-to-school","c-bread--bakery"],"similarProductIds":[]},{"id":"uncle-tobys-le-snak-natural-cheese","name":"Le Snak Cheddar Cheese","brand":"Uncle Tobys","imageUrls":["https://shop.coles.com.au/wcsstore/Coles-CAS/images/4/9/5/4952890.jpg"],"storeId":"coles","packageSize":"132g","cupPrice":"$1.78 per 100G","locations":{"VIC":{"price":2.35,"discountRate":50,"promo":"","orgPrice":4.7}},"categoryIds":["c-back-to-school","c-pantry"],"similarProductIds":[]},{"id":"kettle--potato-chips-sea-salt","name":"Sea Salt Potato Chips","brand":"Kettle","imageUrls":["https://shop.coles.com.au/wcsstore/Coles-CAS/images/8/1/5/8156535.jpg"],"storeId":"coles","packageSize":"175g","cupPrice":"$1.33 per 100G","locations":{"VIC":{"price":2.32,"discountRate":50,"promo":"","orgPrice":4.65}},"categoryIds":["c-back-to-school","c-entertaining-at-home","c-pantry"],"similarProductIds":[]},{"id":"kelloggs-k-time-twists-raspberry-apple","name":"K-Time Baked Twists Raspberry & Apple Flavour Filled Snack Bars 5 pack","brand":"Kellogg's","imageUrls":["https://shop.coles.com.au/wcsstore/Coles-CAS/images/9/2/6/9264250.jpg"],"storeId":"coles","packageSize":"185g","cupPrice":"$1.08 per 100G","locations":{"VIC":{"price":2,"discountRate":50,"promo":"","orgPrice":4}},"categoryIds":["c-back-to-school","c-pantry"],"similarProductIds":[]},{"id":"belvita-chocolate-breakfast-biscuit","name":"Chocolate Breakfast Biscuit 6 Pack","brand":"Belvita","imageUrls":["https://shop.coles.com.au/wcsstore/Coles-CAS/images/1/8/4/1843763.jpg"],"storeId":"coles","packageSize":"300g","cupPrice":"$0.67 per 100G","locations":{"VIC":{"price":2,"discountRate":50,"promo":"","orgPrice":4}},"categoryIds":["c-back-to-school","c-entertaining-at-home","c-pantry"],"similarProductIds":[]},{"id":"brekky-heroes-choc-boulders","name":"Brekky Heroes Choc Boulders","brand":"Freedom Foods","imageUrls":["https://shop.coles.com.au/wcsstore/Coles-CAS/images/3/2/0/3208278.jpg"],"storeId":"coles","packageSize":"260g","cupPrice":"$0.77 per 100G","locations":{"VIC":{"price":2,"discountRate":50,"promo":"","orgPrice":4}},"categoryIds":["c-back-to-school","c-pantry"],"similarProductIds":[]},{"id":"brekky-heroes-honey-bolts","name":"Brekky Heroes Honey Bolts","brand":"Freedom Foods","imageUrls":["https://shop.coles.com.au/wcsstore/Coles-CAS/images/3/2/0/3208289.jpg"],"storeId":"coles","packageSize":"300g","cupPrice":"$0.67 per 100G","locations":{"VIC":{"price":2,"discountRate":50,"promo":"","orgPrice":4}},"categoryIds":["c-back-to-school","c-pantry"],"similarProductIds":[]},{"id":"brekky-heroes-fruity-hoops","name":"Brekky Heroes Fruity Hoops","brand":"Freedom Foods","imageUrls":["https://shop.coles.com.au/wcsstore/Coles-CAS/images/3/2/0/3208303.jpg"],"storeId":"coles","packageSize":"285g","cupPrice":"$0.70 per 100G","locations":{"VIC":{"price":2,"discountRate":50,"promo":"","orgPrice":4}},"categoryIds":["c-back-to-school","c-pantry"],"similarProductIds":[]},{"id":"coles-fresh-bananas---loose","name":"Bananas","brand":"Coles","imageUrls":["https://shop.coles.com.au/wcsstore/Coles-CAS/images/4/0/9/409499.jpg"],"storeId":"coles","packageSize":"approx. 180g","cupPrice":"$1.80 per 1Kg","locations":{"VIC":{"price":0.32,"discountRate":0,"promo":"","orgPrice":0.32}},"categoryIds":["c-back-to-school","c-fruit--vegetables"],"similarProductIds":[]},{"id":"strawberries-fresh-prepacked-5191256p","name":"Strawberries Prepacked","brand":"Coles","imageUrls":["https://shop.coles.com.au/wcsstore/Coles-CAS/images/5/1/9/5191256.jpg"],"storeId":"coles","packageSize":"250g","cupPrice":"$14.00 per 1Kg","locations":{"VIC":{"price":3.5,"discountRate":0,"promo":"","orgPrice":3.5}},"categoryIds":["c-back-to-school","c-fruit--vegetables"],"similarProductIds":[]},{"id":"blueberries-prepacked","name":"Blueberries Prepacked","brand":"Coles","imageUrls":["https://shop.coles.com.au/wcsstore/Coles-CAS/images/5/5/4/5543535.jpg"],"storeId":"coles","packageSize":"125g","cupPrice":"$28.00 per 1Kg","locations":{"VIC":{"price":3.5,"discountRate":0,"promo":"","orgPrice":3.5}},"categoryIds":["c-back-to-school","c-fruit--vegetables"],"similarProductIds":[]},{"id":"arnotts-chocolate-biscuits-tim-tams-original","name":"Original Chocolate Tim Tam","brand":"Arnott's","imageUrls":["https://shop.coles.com.au/wcsstore/Coles-CAS/images/3/2/9/329607.jpg"],"storeId":"coles","packageSize":"200g","cupPrice":"$0.91 per 100G","locations":{"VIC":{"price":1.82,"discountRate":50,"promo":"","orgPrice":3.6500000000000004}},"categoryIds":["c-back-to-school","c-pantry"],"similarProductIds":[]},{"id":"tip-top-english-muffins-original","name":"Original English Muffins 6 Pack","brand":"Tip Top","imageUrls":["https://shop.coles.com.au/wcsstore/Coles-CAS/images/3/3/2/332394.jpg"],"storeId":"coles","packageSize":"400g","cupPrice":"$0.63 per 100G","locations":{"VIC":{"price":2.5,"discountRate":50,"promo":"","orgPrice":5}},"categoryIds":["c-back-to-school","c-bread--bakery"],"similarProductIds":[]},{"id":"doritos-cheese-supreme-corn-chips-2358333p","name":"Cheese Supreme Corn Chips","brand":"Doritos","imageUrls":["https://shop.coles.com.au/wcsstore/Coles-CAS/images/2/3/5/2358333.jpg"],"storeId":"coles","packageSize":"170g","cupPrice":"$2.06 per 100G","locations":{"VIC":{"price":3.5,"discountRate":29,"promo":"Any 2 $5","orgPrice":3.5}},"categoryIds":["c-back-to-school","c-entertaining-at-home","c-pantry"],"similarProductIds":[]},{"id":"mountain-dew-soft-drink-no-sugar","name":"Soft Drink No Sugar","brand":"Mountain Dew","imageUrls":["https://shop.coles.com.au/wcsstore/Coles-CAS/images/3/7/5/3752556.jpg"],"storeId":"coles","packageSize":"1.25L","cupPrice":"$1.36 per 1L","locations":{"VIC":{"price":1.7,"discountRate":23,"promo":"","orgPrice":2.2}},"categoryIds":["c-back-to-school","c-entertaining-at-home","c-pantry","c-drinks"],"similarProductIds":[]},{"id":"arnotts-chocolate-biscuits-tim-tams-double-coat-chocolate","name":"Double Coat Chocolate Tim Tam","brand":"Arnott's","imageUrls":["https://shop.coles.com.au/wcsstore/Coles-CAS/images/7/0/2/7029292.jpg"],"storeId":"coles","packageSize":"200g","cupPrice":"$0.91 per 100G","locations":{"VIC":{"price":1.82,"discountRate":50,"promo":"","orgPrice":3.6500000000000004}},"categoryIds":["c-back-to-school","c-entertaining-at-home","c-pantry"],"similarProductIds":[]},{"id":"cheezels-cheese","name":"Original Cheese Snacks","brand":"Cheezels","imageUrls":["https://shop.coles.com.au/wcsstore/Coles-CAS/images/7/8/7/7879468.jpg"],"storeId":"coles","packageSize":"110g","cupPrice":"$2.27 per 100G","locations":{"VIC":{"price":2.5,"discountRate":20,"promo":"2 for $4","orgPrice":2.5}},"categoryIds":["c-back-to-school","c-pantry"],"similarProductIds":[]},{"id":"tip-top-english-muffins-wholemeal","name":"Wholemeal English Muffins 6 Pack","brand":"Tip Top","imageUrls":["https://shop.coles.com.au/wcsstore/Coles-CAS/images/5/1/3/5137320.jpg"],"storeId":"coles","packageSize":"400g","cupPrice":"$0.63 per 100G","locations":{"VIC":{"price":2.5,"discountRate":50,"promo":"","orgPrice":5}},"categoryIds":["c-back-to-school","c-bread--bakery"],"similarProductIds":[]},{"id":"potatoes-brushed-prepacked-4213819p","name":"Brushed Potatoes Prepacked","brand":"Coles","imageUrls":["https://shop.coles.com.au/wcsstore/Coles-CAS/images/4/2/1/4213819.jpg"],"storeId":"coles","packageSize":"3kg","cupPrice":"$1.17 per 1Kg","locations":{"VIC":{"price":3.5,"discountRate":0,"promo":"","orgPrice":3.5}},"categoryIds":["c-back-to-school","c-entertaining-at-home","c-fruit--vegetables"],"similarProductIds":[]},{"id":"golden-crumpets-wholemeal-rounds","name":"Wholemeal Crumpets 6 Pack","brand":"Golden","imageUrls":["https://shop.coles.com.au/wcsstore/Coles-CAS/images/2/9/2/292223.jpg"],"storeId":"coles","packageSize":"300g","cupPrice":"$1.23 per 100G","locations":{"VIC":{"price":3.7,"discountRate":46,"promo":"Any 2 $4","orgPrice":3.7}},"categoryIds":["c-back-to-school","c-bread--bakery"],"similarProductIds":[]},{"id":"cobs-lightly-salted-slightly-sweet-popcorn-mp","name":"Lightly Salted & Slightly Sweet Natural Popcorn 5 pack","brand":"Cobs","imageUrls":["https://shop.coles.com.au/wcsstore/Coles-CAS/images/3/4/7/3478400.jpg"],"storeId":"coles","packageSize":"65g","cupPrice":"$4.85 per 100G","locations":{"VIC":{"price":3.15,"discountRate":21,"promo":"Any 2 $5","orgPrice":3.15}},"categoryIds":["c-back-to-school","c-pantry"],"similarProductIds":[]},{"id":"arnotts-tim-tams-messina-biscuits-choc-mint","name":"Tim Tam Chocolate Mint Biscuits","brand":"Arnott's","imageUrls":["https://shop.coles.com.au/wcsstore/Coles-CAS/images/2/8/6/2869977.jpg"],"storeId":"coles","packageSize":"160g","cupPrice":"$1.14 per 100G","locations":{"VIC":{"price":1.82,"discountRate":50,"promo":"","orgPrice":3.6500000000000004}},"categoryIds":["c-back-to-school","c-entertaining-at-home","c-pantry"],"similarProductIds":[]},{"id":"doritos-original-corn-chips","name":"Original Corn Chips","brand":"Doritos","imageUrls":["https://shop.coles.com.au/wcsstore/Coles-CAS/images/2/3/5/2358355.jpg"],"storeId":"coles","packageSize":"170g","cupPrice":"$2.06 per 100G","locations":{"VIC":{"price":3.5,"discountRate":29,"promo":"Any 2 $5","orgPrice":3.5}},"categoryIds":["c-back-to-school","c-entertaining-at-home","c-pantry"],"similarProductIds":[]},{"id":"arnotts-chocolate-biscuits-tim-tams-chewy-caramel","name":"Chewy Caramel Tim Tam","brand":"Arnott's","imageUrls":["https://shop.coles.com.au/wcsstore/Coles-CAS/images/8/6/5/8655375.jpg"],"storeId":"coles","packageSize":"175g","cupPrice":"$1.04 per 100G","locations":{"VIC":{"price":1.82,"discountRate":50,"promo":"","orgPrice":3.6500000000000004}},"categoryIds":["c-back-to-school","c-entertaining-at-home","c-pantry"],"similarProductIds":[]},{"id":"mission-wraps-original-8-pack","name":"Original Wraps 8 pack","brand":"Mission","imageUrls":["https://shop.coles.com.au/wcsstore/Coles-CAS/images/6/9/5/6955662.jpg"],"storeId":"coles","packageSize":"567g","cupPrice":"$0.71 per 100G","locations":{"VIC":{"price":4,"discountRate":20,"promo":"","orgPrice":5}},"categoryIds":["c-back-to-school","c-entertaining-at-home","c-bread--bakery"],"similarProductIds":[]},{"id":"arnotts-chocolate-biscuits-tim-tams-classic-dark-chocolate","name":"Classic Dark Chocolate Tim Tam","brand":"Arnott's","imageUrls":["https://shop.coles.com.au/wcsstore/Coles-CAS/images/6/0/2/6025536.jpg"],"storeId":"coles","packageSize":"200g","cupPrice":"$0.91 per 100G","locations":{"VIC":{"price":1.82,"discountRate":50,"promo":"","orgPrice":3.6500000000000004}},"categoryIds":["c-back-to-school","c-entertaining-at-home","c-pantry"],"similarProductIds":[]},{"id":"tip-top-english-muffins-spicy-fruit","name":"Spicy Fruit English Muffins","brand":"Tip Top","imageUrls":["https://shop.coles.com.au/wcsstore/Coles-CAS/images/9/7/9/9795915.jpg"],"storeId":"coles","packageSize":"6 pack","cupPrice":"$0.42 per 1Ea","locations":{"VIC":{"price":2.5,"discountRate":50,"promo":"","orgPrice":5}},"categoryIds":["c-back-to-school","c-bread--bakery"],"similarProductIds":[]},{"id":"arnotts-biscuits-teevee-snacks-malt-sticks-chocolate","name":"Chocolate Malt Sticks TeeVee Snacks","brand":"Arnott's","imageUrls":["https://shop.coles.com.au/wcsstore/Coles-CAS/images/9/5/0/9503543.jpg"],"storeId":"coles","packageSize":"175g","cupPrice":"$2.09 per 100G","locations":{"VIC":{"price":3.65,"discountRate":32,"promo":"Any 2 $5","orgPrice":3.65}},"categoryIds":["c-back-to-school","c-entertaining-at-home","c-pantry"],"similarProductIds":[]},{"id":"doritos-nacho-cheese-corn-chips-2358344p","name":"Nacho Cheese Corn Chips","brand":"Doritos","imageUrls":["https://shop.coles.com.au/wcsstore/Coles-CAS/images/2/3/5/2358344.jpg"],"storeId":"coles","packageSize":"170g","cupPrice":"$2.06 per 100G","locations":{"VIC":{"price":3.5,"discountRate":29,"promo":"Any 2 $5","orgPrice":3.5}},"categoryIds":["c-back-to-school","c-entertaining-at-home","c-pantry"],"similarProductIds":[]},{"id":"hakubaku-noodles-soba-organic","name":"Organic Soba Noodles","brand":"Hakubaku","imageUrls":["https://shop.coles.com.au/wcsstore/Coles-CAS/images/9/4/3/9434666.jpg"],"storeId":"coles","packageSize":"270g","cupPrice":"$1.09 per 100G","locations":{"VIC":{"price":2.95,"discountRate":20,"promo":"","orgPrice":3.7}},"categoryIds":["c-back-to-school","c-dairy-eggs--meals","c-pantry"],"similarProductIds":[]},{"id":"smiths-crinkle-cut-original-potato-chips","name":"Crinkle Cut Original Potato Chips","brand":"Smith's","imageUrls":["https://shop.coles.com.au/wcsstore/Coles-CAS/images/2/3/5/2358275.jpg"],"storeId":"coles","packageSize":"170g","cupPrice":"$2.06 per 100G","locations":{"VIC":{"price":3.5,"discountRate":29,"promo":"Any 2 $5","orgPrice":3.5}},"categoryIds":["c-back-to-school","c-entertaining-at-home","c-pantry"],"similarProductIds":[]},{"id":"vaalia-yoghurt-kids-pouch-strawberry","name":"Kids Strawberry Yoghurt Pouch","brand":"Vaalia","imageUrls":["https://shop.coles.com.au/wcsstore/Coles-CAS/images/7/2/4/7246880.jpg"],"storeId":"coles","packageSize":"140g","cupPrice":"$0.86 per 100G","locations":{"VIC":{"price":1.2,"discountRate":25,"promo":"","orgPrice":1.6}},"categoryIds":["c-back-to-school","c-dairy-eggs--meals"],"similarProductIds":[]},{"id":"smiths-crinkle-cut-salt-vinegar-potato-chips","name":"Crinkle Cut Salt & Vinegar Potato Chips","brand":"Smith's","imageUrls":["https://shop.coles.com.au/wcsstore/Coles-CAS/images/2/3/5/2358286.jpg"],"storeId":"coles","packageSize":"170g","cupPrice":"$2.06 per 100G","locations":{"VIC":{"price":3.5,"discountRate":29,"promo":"Any 2 $5","orgPrice":3.5}},"categoryIds":["c-back-to-school","c-entertaining-at-home","c-pantry"],"similarProductIds":[]},{"id":"tip-top-bread-cafe-raisin-loaf-extra-thick","name":"Cafe Raisin Bread Loaf","brand":"Tip Top","imageUrls":["https://shop.coles.com.au/wcsstore/Coles-CAS/images/5/7/0/5703766.jpg"],"storeId":"coles","packageSize":"650g","cupPrice":"$0.62 per 100G","locations":{"VIC":{"price":4,"discountRate":0,"promo":"","orgPrice":4}},"categoryIds":["c-back-to-school","c-bread--bakery"],"similarProductIds":[]},{"id":"arnotts-chocolate-biscuits-mint-slice","name":"Mint Slice Chocolate Biscuits","brand":"Arnott's","imageUrls":["https://shop.coles.com.au/wcsstore/Coles-CAS/images/3/2/9/329571.jpg"],"storeId":"coles","packageSize":"200g","cupPrice":"$0.91 per 100G","locations":{"VIC":{"price":1.82,"discountRate":50,"promo":"","orgPrice":3.6500000000000004}},"categoryIds":["c-back-to-school","c-entertaining-at-home","c-pantry"],"similarProductIds":[]},{"id":"arnotts-chocolate-biscuits-caramel-crowns","name":"Caramel Crowns Chocolate Biscuits","brand":"Arnott's","imageUrls":["https://shop.coles.com.au/wcsstore/Coles-CAS/images/2/5/0/25078.jpg"],"storeId":"coles","packageSize":"200g","cupPrice":"$0.91 per 100G","locations":{"VIC":{"price":1.82,"discountRate":50,"promo":"","orgPrice":3.6500000000000004}},"categoryIds":["c-back-to-school","c-entertaining-at-home","c-pantry"],"similarProductIds":[]},{"id":"vaalia-yoghurt-kids-pouch-vanilla","name":"Kids Vanilla Yoghurt Pouch","brand":"Vaalia","imageUrls":["https://shop.coles.com.au/wcsstore/Coles-CAS/images/7/2/4/7246869.jpg"],"storeId":"coles","packageSize":"140g","cupPrice":"$0.86 per 100G","locations":{"VIC":{"price":1.2,"discountRate":25,"promo":"","orgPrice":1.6}},"categoryIds":["c-back-to-school","c-dairy-eggs--meals"],"similarProductIds":[]},{"id":"smiths-potato-chips-crinkle-cut-original","name":"Crinkle Cut Original Potato Chips 6 pack","brand":"Smith's","imageUrls":["https://shop.coles.com.au/wcsstore/Coles-CAS/images/7/1/1/7117968.jpg"],"storeId":"coles","packageSize":"114g","cupPrice":"$2.75 per 100G","locations":{"VIC":{"price":3.14,"discountRate":20,"promo":"Any 2 $5","orgPrice":3.14}},"categoryIds":["c-back-to-school","c-pantry"],"similarProductIds":[]},{"id":"tip-top-english-muffins-multigrain","name":"Multigrain English Muffins 6 Pack","brand":"Tip Top","imageUrls":["https://shop.coles.com.au/wcsstore/Coles-CAS/images/2/9/3/293099.jpg"],"storeId":"coles","packageSize":"400g","cupPrice":"$0.63 per 100G","locations":{"VIC":{"price":2.5,"discountRate":50,"promo":"","orgPrice":5}},"categoryIds":["c-back-to-school","c-bread--bakery"],"similarProductIds":[]},{"id":"arnotts-chocolate-biscuits-tim-tam-white","name":"Tim Tam White Chocolate Biscuits","brand":"Arnott's","imageUrls":["https://shop.coles.com.au/wcsstore/Coles-CAS/images/7/2/4/7243805.jpg"],"storeId":"coles","packageSize":"165g","cupPrice":"$1.10 per 100G","locations":{"VIC":{"price":1.82,"discountRate":50,"promo":"","orgPrice":3.6500000000000004}},"categoryIds":["c-back-to-school","c-entertaining-at-home","c-pantry"],"similarProductIds":[]},{"id":"black-swan-dip-hommus-9580680p","name":"Hommus Dip","brand":"Black Swan","imageUrls":["https://shop.coles.com.au/wcsstore/Coles-CAS/images/9/5/8/9580680.jpg"],"storeId":"coles","packageSize":"200g","cupPrice":"$1.75 per 100G","locations":{"VIC":{"price":3.5,"discountRate":14,"promo":"Any 2 $6","orgPrice":3.5}},"categoryIds":["c-back-to-school","c-entertaining-at-home","c-dairy-eggs--meals"],"similarProductIds":[]},{"id":"harvest-snaps-origiinal-multi-pack","name":"Gluten Free Harvest Snaps Original Salted Baked Pea Crisps 5 pack","brand":"Calbee","imageUrls":["https://shop.coles.com.au/wcsstore/Coles-CAS/images/3/4/3/3434095.jpg"],"storeId":"coles","packageSize":"80g","cupPrice":"$4.38 per 100G","locations":{"VIC":{"price":3.5,"discountRate":29,"promo":"Any 2 $5","orgPrice":3.5}},"categoryIds":["c-back-to-school","c-pantry"],"similarProductIds":[]},{"id":"grainwaves-chips-sour-cream-chives-multi-5-pack","name":"Sour Cream & Chives Grain Waves 5 pack","brand":"Grainwaves","imageUrls":["https://shop.coles.com.au/wcsstore/Coles-CAS/images/9/2/8/9283040.jpg"],"storeId":"coles","packageSize":"110g","cupPrice":"$2.82 per 100G","locations":{"VIC":{"price":3.1,"discountRate":19,"promo":"Any 2 $5","orgPrice":3.1}},"categoryIds":["c-back-to-school","c-pantry"],"similarProductIds":[]},{"id":"hakubaku-noodles-udon-organic","name":"Organic Udon Noodles","brand":"Hakubaku","imageUrls":["https://shop.coles.com.au/wcsstore/Coles-CAS/images/9/4/3/9434677.jpg"],"storeId":"coles","packageSize":"270g","cupPrice":"$1.09 per 100G","locations":{"VIC":{"price":2.95,"discountRate":20,"promo":"","orgPrice":3.7}},"categoryIds":["c-back-to-school","c-dairy-eggs--meals","c-pantry"],"similarProductIds":[]},{"id":"vaalia-yoghurt-kids-pouch-tropical","name":"Kids Tropical Yoghurt Pouch","brand":"Vaalia","imageUrls":["https://shop.coles.com.au/wcsstore/Coles-CAS/images/7/2/4/7246870.jpg"],"storeId":"coles","packageSize":"140g","cupPrice":"$0.86 per 100G","locations":{"VIC":{"price":1.2,"discountRate":25,"promo":"","orgPrice":1.6}},"categoryIds":["c-back-to-school","c-dairy-eggs--meals"],"similarProductIds":[]},{"id":"arnotts-biscuits-teevee-snacks-original-chocolate","name":"Original Chocolate TeeVee Snacks","brand":"Arnott's","imageUrls":["https://shop.coles.com.au/wcsstore/Coles-CAS/images/9/5/0/9503532.jpg"],"storeId":"coles","packageSize":"175g","cupPrice":"$2.09 per 100G","locations":{"VIC":{"price":3.65,"discountRate":32,"promo":"Any 2 $5","orgPrice":3.65}},"categoryIds":["c-back-to-school","c-entertaining-at-home","c-pantry"],"similarProductIds":[]},{"id":"twisties-cheese","name":"Cheese Twisties 6 pack","brand":"Smith's","imageUrls":["https://shop.coles.com.au/wcsstore/Coles-CAS/images/7/1/1/7118188.jpg"],"storeId":"coles","packageSize":"114g","cupPrice":"$2.75 per 100G","locations":{"VIC":{"price":3.14,"discountRate":20,"promo":"Any 2 $5","orgPrice":3.14}},"categoryIds":["c-back-to-school","c-pantry"],"similarProductIds":[]},{"id":"vaalia-yoghurt-kids-pouch-banana","name":"Probiotics Banana Kids Yoghurt Pouch","brand":"Vaalia","imageUrls":["https://shop.coles.com.au/wcsstore/Coles-CAS/images/8/7/0/8704346.jpg"],"storeId":"coles","packageSize":"140g","cupPrice":"$0.86 per 100G","locations":{"VIC":{"price":1.2,"discountRate":25,"promo":"","orgPrice":1.6}},"categoryIds":["c-back-to-school","c-dairy-eggs--meals"],"similarProductIds":[]},{"id":"arnotts-biscuits-arrowroot-milk","name":"Arrowroot Milk Biscuits","brand":"Arnott's","imageUrls":["https://shop.coles.com.au/wcsstore/Coles-CAS/images/3/2/9/329028.jpg"],"storeId":"coles","packageSize":"250g","cupPrice":"$0.72 per 100G","locations":{"VIC":{"price":1.8,"discountRate":22,"promo":"","orgPrice":2.3}},"categoryIds":["c-back-to-school","c-entertaining-at-home","c-pantry"],"similarProductIds":[]},{"id":"arnotts-biscuits-teddy-bear-chocolate-coated","name":"Chocolate Coated Teddy Bear Biscuits","brand":"Arnott's","imageUrls":["https://shop.coles.com.au/wcsstore/Coles-CAS/images/3/2/9/329582.jpg"],"storeId":"coles","packageSize":"200g","cupPrice":"$0.91 per 100G","locations":{"VIC":{"price":1.82,"discountRate":50,"promo":"","orgPrice":3.6500000000000004}},"categoryIds":["c-back-to-school","c-entertaining-at-home","c-pantry"],"similarProductIds":[]},{"id":"arnotts-biscuits-assorted-creams","name":"Assorted Creams Biscuits","brand":"Arnott's","imageUrls":["https://shop.coles.com.au/wcsstore/Coles-CAS/images/3/2/8/328874.jpg"],"storeId":"coles","packageSize":"500g","cupPrice":"$0.80 per 100G","locations":{"VIC":{"price":4,"discountRate":27,"promo":"","orgPrice":5.5}},"categoryIds":["c-back-to-school","c-entertaining-at-home","c-pantry"],"similarProductIds":[]},{"id":"black-swan-dip-tzatziki","name":"Tzatziki Dip","brand":"Black Swan","imageUrls":["https://shop.coles.com.au/wcsstore/Coles-CAS/images/9/5/8/9580657.jpg"],"storeId":"coles","packageSize":"200g","cupPrice":"$1.75 per 100G","locations":{"VIC":{"price":3.5,"discountRate":14,"promo":"Any 2 $6","orgPrice":3.5}},"categoryIds":["c-back-to-school","c-entertaining-at-home","c-dairy-eggs--meals"],"similarProductIds":[]},{"id":"mission-wraps-wholegrain","name":"Wholegrain Wraps 8 pack","brand":"Mission","imageUrls":["https://shop.coles.com.au/wcsstore/Coles-CAS/images/7/8/6/7863480.jpg"],"storeId":"coles","packageSize":"567g","cupPrice":"$0.71 per 100G","locations":{"VIC":{"price":4,"discountRate":20,"promo":"","orgPrice":5}},"categoryIds":["c-back-to-school","c-entertaining-at-home","c-bread--bakery"],"similarProductIds":[]},{"id":"smiths-crinkle-cut-chicken-potato-chips","name":"Crinkle Cut Chicken Potato Chips","brand":"Smith's","imageUrls":["https://shop.coles.com.au/wcsstore/Coles-CAS/images/2/3/5/2358300.jpg"],"storeId":"coles","packageSize":"170g","cupPrice":"$2.06 per 100G","locations":{"VIC":{"price":3.5,"discountRate":29,"promo":"Any 2 $5","orgPrice":3.5}},"categoryIds":["c-back-to-school","c-entertaining-at-home","c-pantry"],"similarProductIds":[]},{"id":"smiths-crinkle-cut-bbq-potato-chips","name":"Crinkle Cut BBQ Potato Chips","brand":"Smith's","imageUrls":["https://shop.coles.com.au/wcsstore/Coles-CAS/images/2/3/5/2358264.jpg"],"storeId":"coles","packageSize":"170g","cupPrice":"$2.06 per 100G","locations":{"VIC":{"price":3.5,"discountRate":29,"promo":"Any 2 $5","orgPrice":3.5}},"categoryIds":["c-back-to-school","c-entertaining-at-home","c-pantry"],"similarProductIds":[]},{"id":"vaalia-yoghurt-pouch-kids-strawberry-lactose-free","name":"Kids Lactose Free Strawberry Yoghurt","brand":"Vaalia","imageUrls":["https://shop.coles.com.au/wcsstore/Coles-CAS/images/1/4/9/1495259.jpg"],"storeId":"coles","packageSize":"140g","cupPrice":"$0.86 per 100G","locations":{"VIC":{"price":1.2,"discountRate":25,"promo":"","orgPrice":1.6}},"categoryIds":["c-back-to-school","c-dairy-eggs--meals"],"similarProductIds":[]},{"id":"arnotts-chocolate-biscuits-royals-milk-chocolate","name":"Milk Chocolate Royals","brand":"Arnott's","imageUrls":["https://shop.coles.com.au/wcsstore/Coles-CAS/images/3/5/8/358718.jpg"],"storeId":"coles","packageSize":"200g","cupPrice":"$0.91 per 100G","locations":{"VIC":{"price":1.82,"discountRate":50,"promo":"","orgPrice":3.6500000000000004}},"categoryIds":["c-back-to-school","c-entertaining-at-home","c-pantry"],"similarProductIds":[]},{"id":"arnotts-biscuits-scotch-finger-chocolate-coated","name":"Chocolate Coated Scotch Finger Biscuits","brand":"Arnott's","imageUrls":["https://shop.coles.com.au/wcsstore/Coles-CAS/images/5/5/1/5514923.jpg"],"storeId":"coles","packageSize":"250g","cupPrice":"$0.73 per 100G","locations":{"VIC":{"price":1.82,"discountRate":50,"promo":"","orgPrice":3.6500000000000004}},"categoryIds":["c-back-to-school","c-entertaining-at-home","c-pantry"],"similarProductIds":[]},{"id":"arnotts-crackers-original-bbq-shapes-8-pack","name":"Crackers Original Bbq Shapes 8 Pack","brand":"Arnott's","imageUrls":["https://shop.coles.com.au/wcsstore/Coles-CAS/images/2/9/9/2992215.jpg"],"storeId":"coles","packageSize":"200g","cupPrice":"$1.50 per 100G","locations":{"VIC":{"price":3,"discountRate":25,"promo":"","orgPrice":4}},"categoryIds":["c-back-to-school","c-pantry"],"similarProductIds":[]},{"id":"arnotts-tiny-teddy-chocolate-biscuits-8-pack","name":"Tiny Teddy Chocolate Biscuits 8 pack","brand":"Arnott's","imageUrls":["https://shop.coles.com.au/wcsstore/Coles-CAS/images/2/9/9/2992102.jpg"],"storeId":"coles","packageSize":"200g","cupPrice":"$1.50 per 100G","locations":{"VIC":{"price":3,"discountRate":25,"promo":"","orgPrice":4}},"categoryIds":["c-back-to-school","c-pantry"],"similarProductIds":[]},{"id":"black-swan-dip-avocado-with-lemon-sea-salt","name":"Avocado Dip","brand":"Black Swan","imageUrls":["https://shop.coles.com.au/wcsstore/Coles-CAS/images/5/3/7/5371939.jpg"],"storeId":"coles","packageSize":"200g","cupPrice":"$1.75 per 100G","locations":{"VIC":{"price":3.5,"discountRate":14,"promo":"Any 2 $6","orgPrice":3.5}},"categoryIds":["c-back-to-school","c-entertaining-at-home","c-dairy-eggs--meals"],"similarProductIds":[]},{"id":"danone-ultimate-greek-yoghurt-4pk-vanilla","name":"Ultimate Limited Edition Creamy Salted Caramel Yoghurt","brand":"Danone","imageUrls":["https://shop.coles.com.au/wcsstore/Coles-CAS/images/3/3/1/3310161.jpg"],"storeId":"coles","packageSize":"4 pack","cupPrice":"$0.65 per 100G","locations":{"VIC":{"price":3,"discountRate":33,"promo":"","orgPrice":4.5}},"categoryIds":["c-back-to-school","c-dairy-eggs--meals"],"similarProductIds":[]},{"id":"danone-ultimate-greek-yoghurt-4pk-strawberry","name":"The Ultimate Succulent Strawberry Yoghurt 4x115g","brand":"Danone","imageUrls":["https://shop.coles.com.au/wcsstore/Coles-CAS/images/3/3/1/3310140.jpg"],"storeId":"coles","packageSize":"4 pack","cupPrice":"$0.75 per 1Ea","locations":{"VIC":{"price":3,"discountRate":33,"promo":"","orgPrice":4.5}},"categoryIds":["c-back-to-school","c-dairy-eggs--meals"],"similarProductIds":[]},{"id":"helgas-gluten-free-wholemeal","name":"Gluten Free Traditional Wholemeal Bread","brand":"Helga's","imageUrls":["https://shop.coles.com.au/wcsstore/Coles-CAS/images/3/2/3/3237957.jpg"],"storeId":"coles","packageSize":"500g","cupPrice":"$1.20 per 100G","locations":{"VIC":{"price":6,"discountRate":14,"promo":"","orgPrice":7}},"categoryIds":["c-back-to-school","c-entertaining-at-home","c-bread--bakery"],"similarProductIds":[]},{"id":"mission-ss-reduced-sodium-wraps-10","name":"Salt Reduced Wraps 8 pack","brand":"Mission","imageUrls":["https://shop.coles.com.au/wcsstore/Coles-CAS/images/3/6/3/3639597.jpg"],"storeId":"coles","packageSize":"567g","cupPrice":"$0.71 per 100G","locations":{"VIC":{"price":4,"discountRate":20,"promo":"","orgPrice":5}},"categoryIds":["c-back-to-school","c-entertaining-at-home","c-bread--bakery"],"similarProductIds":[]},{"id":"smiths-potato-chips-crinkle-cut-salt-vinegar","name":"Crinkle Cut Salt & Vinegar Potato Chips 6 pack","brand":"Smith's","imageUrls":["https://shop.coles.com.au/wcsstore/Coles-CAS/images/7/1/1/7117979.jpg"],"storeId":"coles","packageSize":"114g","cupPrice":"$2.75 per 100G","locations":{"VIC":{"price":3.14,"discountRate":20,"promo":"Any 2 $5","orgPrice":3.14}},"categoryIds":["c-back-to-school","c-pantry"],"similarProductIds":[]},{"id":"smiths-crinkle-cut-cheese-onion-potato-chips","name":"Crinkle Cut Cheese & Onion Potato Chips","brand":"Smith's","imageUrls":["https://shop.coles.com.au/wcsstore/Coles-CAS/images/2/3/5/2358297.jpg"],"storeId":"coles","packageSize":"170g","cupPrice":"$2.06 per 100G","locations":{"VIC":{"price":3.5,"discountRate":29,"promo":"Any 2 $5","orgPrice":3.5}},"categoryIds":["c-back-to-school","c-entertaining-at-home","c-pantry"],"similarProductIds":[]},{"id":"vaalia-yoghurt-pouch-kids-lactose-free-vanilla","name":"Kids Lactose Free Vanilla Yoghurt Pouch","brand":"Vaalia","imageUrls":["https://shop.coles.com.au/wcsstore/Coles-CAS/images/1/1/9/1199245.jpg"],"storeId":"coles","packageSize":"140g","cupPrice":"$0.86 per 100G","locations":{"VIC":{"price":1.2,"discountRate":25,"promo":"","orgPrice":1.6}},"categoryIds":["c-back-to-school","c-dairy-eggs--meals"],"similarProductIds":[]},{"id":"arnotts-biscuits-marie","name":"Marie Biscuits","brand":"Arnott's","imageUrls":["https://shop.coles.com.au/wcsstore/Coles-CAS/images/3/2/9/329006.jpg"],"storeId":"coles","packageSize":"250g","cupPrice":"$0.72 per 100G","locations":{"VIC":{"price":1.8,"discountRate":22,"promo":"","orgPrice":2.3}},"categoryIds":["c-back-to-school","c-entertaining-at-home","c-pantry"],"similarProductIds":[]},{"id":"healtheries-kidscare-roasted-potato-sticks","name":"KidsCare Potato Stix Roast Potato 8 pack","brand":"Healtheries","imageUrls":["https://shop.coles.com.au/wcsstore/Coles-CAS/images/6/6/5/6654510.jpg"],"storeId":"coles","packageSize":"160g","cupPrice":"$3.31 per 100G","locations":{"VIC":{"price":5.3,"discountRate":25,"promo":"Any 2 $8","orgPrice":5.3}},"categoryIds":["c-back-to-school","c-pantry","c-healthy-living"],"similarProductIds":[]},{"id":"mission-wraps-spinach-herb-8-pack","name":"Spinach & Herb Wraps 8 pack","brand":"Mission","imageUrls":["https://shop.coles.com.au/wcsstore/Coles-CAS/images/7/6/2/7620921.jpg"],"storeId":"coles","packageSize":"567g","cupPrice":"$0.71 per 100G","locations":{"VIC":{"price":4,"discountRate":20,"promo":"","orgPrice":5}},"categoryIds":["c-back-to-school","c-entertaining-at-home","c-bread--bakery"],"similarProductIds":[]},{"id":"pringles-minis-multi-pack-original","name":"Minis Original Salted Potato Chips 5 pack","brand":"Pringles","imageUrls":["https://shop.coles.com.au/wcsstore/Coles-CAS/images/3/4/3/3433999.jpg"],"storeId":"coles","packageSize":"95g","cupPrice":"$3.37 per 100G","locations":{"VIC":{"price":3.2,"discountRate":22,"promo":"Any 2 $5","orgPrice":3.2}},"categoryIds":["c-back-to-school","c-pantry"],"similarProductIds":[]},{"id":"vege-deli-crips-original-blend","name":"Deli Crisps Original Blend Chips","brand":"Vege","imageUrls":["https://shop.coles.com.au/wcsstore/Coles-CAS/images/2/8/9/2898261.jpg"],"storeId":"coles","packageSize":"100g","cupPrice":"$4.00 per 100G","locations":{"VIC":{"price":4,"discountRate":27,"promo":"","orgPrice":5.5}},"categoryIds":["c-back-to-school","c-entertaining-at-home","c-pantry","c-healthy-living"],"similarProductIds":[]},{"id":"arnotts-chocolate-biscuits-gaiety","name":"Gaiety Chocolate Biscuits","brand":"Arnott's","imageUrls":["https://shop.coles.com.au/wcsstore/Coles-CAS/images/3/2/9/329618.jpg"],"storeId":"coles","packageSize":"160g","cupPrice":"$1.14 per 100G","locations":{"VIC":{"price":1.82,"discountRate":50,"promo":"","orgPrice":3.6500000000000004}},"categoryIds":["c-back-to-school","c-entertaining-at-home","c-pantry"],"similarProductIds":[]},{"id":"arnotts-tiny-teddy-hundreds-thousands-biscuits-8-pack","name":"Tiny Teddy Hundreds & Thousands Biscuits 8 pack","brand":"Arnott's","imageUrls":["https://shop.coles.com.au/wcsstore/Coles-CAS/images/2/9/9/2992099.jpg"],"storeId":"coles","packageSize":"184g","cupPrice":"$1.63 per 100G","locations":{"VIC":{"price":3,"discountRate":25,"promo":"","orgPrice":4}},"categoryIds":["c-back-to-school","c-pantry"],"similarProductIds":[]},{"id":"black-swan-dip-french-onion","name":"French Onion Dip","brand":"Black Swan","imageUrls":["https://shop.coles.com.au/wcsstore/Coles-CAS/images/9/5/8/9580704.jpg"],"storeId":"coles","packageSize":"200g","cupPrice":"$1.75 per 100G","locations":{"VIC":{"price":3.5,"discountRate":14,"promo":"Any 2 $6","orgPrice":3.5}},"categoryIds":["c-back-to-school","c-entertaining-at-home","c-dairy-eggs--meals"],"similarProductIds":[]},{"id":"chobani-yoghurt-pouch-strawberry","name":"Strawberry Yoghurt Pouch","brand":"Chobani","imageUrls":["https://shop.coles.com.au/wcsstore/Coles-CAS/images/1/4/3/1434684.jpg"],"storeId":"coles","packageSize":"140g","cupPrice":"$1.07 per 100G","locations":{"VIC":{"price":1.5,"discountRate":33,"promo":"","orgPrice":2.25}},"categoryIds":["c-back-to-school","c-dairy-eggs--meals"],"similarProductIds":[]},{"id":"doritos-chips-cheese-supreme","name":"Cheese Supreme Corn Chips 6 pack","brand":"Doritos","imageUrls":["https://shop.coles.com.au/wcsstore/Coles-CAS/images/8/1/5/8156058.jpg"],"storeId":"coles","packageSize":"114g","cupPrice":"$2.75 per 100G","locations":{"VIC":{"price":3.14,"discountRate":20,"promo":"Any 2 $5","orgPrice":3.14}},"categoryIds":["c-back-to-school","c-pantry"],"similarProductIds":[]},{"id":"french-fries-potato-chips-original-multipack-6-pack","name":"Original Potato Chips 6 pack","brand":"French Fries","imageUrls":["https://shop.coles.com.au/wcsstore/Coles-CAS/images/6/2/9/6290570.jpg"],"storeId":"coles","packageSize":"111g","cupPrice":"$3.02 per 100G","locations":{"VIC":{"price":3.35,"discountRate":25,"promo":"Any 2 $5","orgPrice":3.35}},"categoryIds":["c-back-to-school","c-pantry"],"similarProductIds":[]},{"id":"kelloggs-cereal-coco-pops","name":"Coco Pops Chocolatey Breakfast Cereal","brand":"Kellogg's","imageUrls":["https://shop.coles.com.au/wcsstore/Coles-CAS/images/8/4/9/8494298.jpg"],"storeId":"coles","packageSize":"650g","cupPrice":"$0.58 per 100G","locations":{"VIC":{"price":3.75,"discountRate":50,"promo":"","orgPrice":7.5}},"categoryIds":["c-back-to-school","c-pantry"],"similarProductIds":[]},{"id":"mission-wrap-lite","name":"Lite Wrap 8 pack","brand":"Mission","imageUrls":["https://shop.coles.com.au/wcsstore/Coles-CAS/images/8/6/3/8636359.jpg"],"storeId":"coles","packageSize":"567g","cupPrice":"$0.71 per 100G","locations":{"VIC":{"price":4,"discountRate":20,"promo":"","orgPrice":5}},"categoryIds":["c-back-to-school","c-entertaining-at-home","c-bread--bakery"],"similarProductIds":[]},{"id":"peckish-rice-cracker-sour-cream-chives-6-pack","name":"Sour Cream & Chive Rice Crackers 6 pack","brand":"Peckish","imageUrls":["https://shop.coles.com.au/wcsstore/Coles-CAS/images/2/1/4/2140770.jpg"],"storeId":"coles","packageSize":"120g","cupPrice":"$2.00 per 100G","locations":{"VIC":{"price":2.4,"discountRate":20,"promo":"","orgPrice":3}},"categoryIds":["c-back-to-school","c-pantry"],"similarProductIds":[]},{"id":"sunrice-salt-vinegar-mini-bites-8-pack","name":"Mini Bites Salt & Vinegar 8 Pack","brand":"Sunrice","imageUrls":["https://shop.coles.com.au/wcsstore/Coles-CAS/images/2/0/0/2007260.jpg"],"storeId":"coles","packageSize":"160g","cupPrice":"$1.88 per 100G","locations":{"VIC":{"price":3,"discountRate":0,"promo":"","orgPrice":3}},"categoryIds":["c-back-to-school","c-pantry","c-healthy-living"],"similarProductIds":[]},{"id":"the-laughing-cow-cheese-snack-wedges-light","name":"Light Less Fat Cheese Spread","brand":"The Laughing Cow","imageUrls":["https://shop.coles.com.au/wcsstore/Coles-CAS/images/7/6/4/7646266.jpg"],"storeId":"coles","packageSize":"128g","cupPrice":"$2.34 per 100G","locations":{"VIC":{"price":3,"discountRate":20,"promo":"","orgPrice":3.75}},"categoryIds":["c-back-to-school","c-dairy-eggs--meals"],"similarProductIds":[]},{"id":"arnotts-biscuits-milk-coffee","name":"Milk Coffee Biscuits","brand":"Arnott's","imageUrls":["https://shop.coles.com.au/wcsstore/Coles-CAS/images/3/2/9/329017.jpg"],"storeId":"coles","packageSize":"250g","cupPrice":"$0.72 per 100G","locations":{"VIC":{"price":1.8,"discountRate":22,"promo":"","orgPrice":2.3}},"categoryIds":["c-back-to-school","c-entertaining-at-home","c-pantry"],"similarProductIds":[]},{"id":"arnotts-chocolate-biscuits-monte","name":"Monte Chocolate Biscuits","brand":"Arnott's","imageUrls":["https://shop.coles.com.au/wcsstore/Coles-CAS/images/2/3/5/235060.jpg"],"storeId":"coles","packageSize":"200g","cupPrice":"$0.91 per 100G","locations":{"VIC":{"price":1.82,"discountRate":50,"promo":"","orgPrice":3.6500000000000004}},"categoryIds":["c-back-to-school","c-entertaining-at-home","c-pantry"],"similarProductIds":[]},{"id":"anathoth-strawberry-jam","name":"Strawberry Jam","brand":"Barker's","imageUrls":["https://shop.coles.com.au/wcsstore/Coles-CAS/images/7/5/4/7549361.jpg"],"storeId":"coles","packageSize":"455g","cupPrice":"$0.88 per 100G","locations":{"VIC":{"price":4,"discountRate":20,"promo":"","orgPrice":5}},"categoryIds":["c-back-to-school","c-pantry"],"similarProductIds":[]},{"id":"black-swan-farmers-best-dip-hommus-with-garlic","name":"Crafted Roasted Garlic Hommus Dip","brand":"Black Swan","imageUrls":["https://shop.coles.com.au/wcsstore/Coles-CAS/images/7/9/1/7916291.jpg"],"storeId":"coles","packageSize":"200g","cupPrice":"$2.15 per 100G","locations":{"VIC":{"price":4.3,"discountRate":19,"promo":"Any 2 $7","orgPrice":4.3}},"categoryIds":["c-back-to-school","c-dairy-eggs--meals"],"similarProductIds":[]},{"id":"black-swan-farmers-best-dip-caramelized-onion","name":"Crafted Caramelised French Onion Dip","brand":"Black Swan","imageUrls":["https://shop.coles.com.au/wcsstore/Coles-CAS/images/7/6/0/7605826.jpg"],"storeId":"coles","packageSize":"200g","cupPrice":"$2.15 per 100G","locations":{"VIC":{"price":4.3,"discountRate":19,"promo":"Any 2 $7","orgPrice":4.3}},"categoryIds":["c-back-to-school","c-entertaining-at-home","c-dairy-eggs--meals"],"similarProductIds":[]},{"id":"cheezels-multipack-6-pack","name":"Cheese Snacks Multipack 6 pack","brand":"Cheezels","imageUrls":["https://shop.coles.com.au/wcsstore/Coles-CAS/images/8/1/5/8157108.jpg"],"storeId":"coles","packageSize":"114g","cupPrice":"$2.94 per 100G","locations":{"VIC":{"price":3.35,"discountRate":25,"promo":"Any 2 $5","orgPrice":3.35}},"categoryIds":["c-back-to-school","c-pantry"],"similarProductIds":[]},{"id":"chobani-raspberry-yoghurt-pouch","name":"Raspberry Yoghurt Pouch","brand":"Chobani","imageUrls":["https://shop.coles.com.au/wcsstore/Coles-CAS/images/1/8/7/1872885.jpg"],"storeId":"coles","packageSize":"140g","cupPrice":"$1.07 per 100G","locations":{"VIC":{"price":1.5,"discountRate":33,"promo":"","orgPrice":2.25}},"categoryIds":["c-back-to-school","c-dairy-eggs--meals"],"similarProductIds":[]},{"id":"golden-pancakes-6-pack","name":"Pancakes 6 Pack","brand":"Golden","imageUrls":["https://shop.coles.com.au/wcsstore/Coles-CAS/images/6/0/5/6051649.jpg"],"storeId":"coles","packageSize":"360g","cupPrice":"$0.97 per 100G","locations":{"VIC":{"price":3.5,"discountRate":30,"promo":"","orgPrice":5}},"categoryIds":["c-back-to-school","c-bread--bakery"],"similarProductIds":[]},{"id":"golden-circle-tropical-punch-fruit-drink","name":"Tropical Punch Fruit Drink Multipack 250mL","brand":"Golden Circle","imageUrls":["https://shop.coles.com.au/wcsstore/Coles-CAS/images/3/8/4/384354.jpg"],"storeId":"coles","packageSize":"6 pack","cupPrice":"$0.63 per 1Ea","locations":{"VIC":{"price":3.8,"discountRate":21,"promo":"Any 2 $6","orgPrice":3.8}},"categoryIds":["c-back-to-school","c-drinks"],"similarProductIds":[]},{"id":"helgas-gluten-freee-5-seed","name":"Gluten Free 5 Seeds Bread","brand":"Helga's","imageUrls":["https://shop.coles.com.au/wcsstore/Coles-CAS/images/3/2/3/3237946.jpg"],"storeId":"coles","packageSize":"500g","cupPrice":"$1.20 per 100G","locations":{"VIC":{"price":6,"discountRate":14,"promo":"","orgPrice":7}},"categoryIds":["c-back-to-school","c-bread--bakery"],"similarProductIds":[]},{"id":"jalna-pouch-of-purity-organic-yoghurt-blueberry","name":"Pouch Of Purity Organic Blueberry Yoghurt","brand":"Jalna","imageUrls":["https://shop.coles.com.au/wcsstore/Coles-CAS/images/3/5/3/3536561.jpg"],"storeId":"coles","packageSize":"100g","cupPrice":"$1.70 per 100G","locations":{"VIC":{"price":1.7,"discountRate":22,"promo":"Any 3 $3.99","orgPrice":1.7}},"categoryIds":["c-back-to-school","c-dairy-eggs--meals"],"similarProductIds":[]},{"id":"lean-cuisine-meal-beef-stroganoff-with-pasta","name":"Frozen Classic Beef Stroganoff with Pasta","brand":"Lean Cuisine","imageUrls":["https://shop.coles.com.au/wcsstore/Coles-CAS/images/4/4/8/4480655.jpg"],"storeId":"coles","packageSize":"280g","cupPrice":"$1.43 per 100G","locations":{"VIC":{"price":4,"discountRate":30,"promo":"","orgPrice":5.7}},"categoryIds":["c-back-to-school","c-winter","c-frozen"],"similarProductIds":[]},{"id":"loacker-tortina-hazelnut","name":"Gran Pasticceria Original Tortina Chocolate Biscuit","brand":"Loacker","imageUrls":["https://shop.coles.com.au/wcsstore/Coles-CAS/images/7/2/2/7220923.jpg"],"storeId":"coles","packageSize":"125g","cupPrice":"$2.00 per 100G","locations":{"VIC":{"price":2.5,"discountRate":38,"promo":"","orgPrice":4}},"categoryIds":["c-back-to-school","c-international-foods"],"similarProductIds":[]},{"id":"mission-wraps-low-carb-6-pack","name":"Low Carb Wraps 6 pack","brand":"Mission","imageUrls":["https://shop.coles.com.au/wcsstore/Coles-CAS/images/3/3/1/3313727.jpg"],"storeId":"coles","packageSize":"288g","cupPrice":"$1.39 per 100G","locations":{"VIC":{"price":4,"discountRate":20,"promo":"","orgPrice":5}},"categoryIds":["c-back-to-school","c-entertaining-at-home","c-bread--bakery"],"similarProductIds":[]},{"id":"peckish-rice-cracker-cheddar-cheese-6-pack","name":"Cheddar Cheese Rice Crackers 6 pack","brand":"Peckish","imageUrls":["https://shop.coles.com.au/wcsstore/Coles-CAS/images/2/1/4/2140780.jpg"],"storeId":"coles","packageSize":"120g","cupPrice":"$2.00 per 100G","locations":{"VIC":{"price":2.4,"discountRate":20,"promo":"","orgPrice":3}},"categoryIds":["c-back-to-school","c-pantry"],"similarProductIds":[]},{"id":"pop-tops-fruit-drink-apple","name":"Apple Fruit Drink Multipack 250mL","brand":"Pop Tops","imageUrls":["https://shop.coles.com.au/wcsstore/Coles-CAS/images/6/9/1/6914188.jpg"],"storeId":"coles","packageSize":"6 pack","cupPrice":"$0.73 per 1Ea","locations":{"VIC":{"price":4.4,"discountRate":20,"promo":"Any 2 $7","orgPrice":4.4}},"categoryIds":["c-back-to-school","c-drinks"],"similarProductIds":[]},{"id":"chic-nuts-lightly-salted","name":"Lightly Salted Crunchy Roasted Chickpeas","brand":"The Happy Snack Company","imageUrls":["https://shop.coles.com.au/wcsstore/Coles-CAS/images/1/4/6/1469510.jpg"],"storeId":"coles","packageSize":"200g","cupPrice":"$2.13 per 100G","locations":{"VIC":{"price":4.25,"discountRate":21,"promo":"","orgPrice":5.35}},"categoryIds":["c-back-to-school","c-pantry","c-healthy-living"],"similarProductIds":[]},{"id":"the-laughing-cow-cheese-snack-wedges","name":"Cheese Spread","brand":"The Laughing Cow","imageUrls":["https://shop.coles.com.au/wcsstore/Coles-CAS/images/7/6/4/7646109.jpg"],"storeId":"coles","packageSize":"128g","cupPrice":"$23.44 per 1Kg","locations":{"VIC":{"price":3,"discountRate":20,"promo":"","orgPrice":3.75}},"categoryIds":["c-back-to-school","c-dairy-eggs--meals"],"similarProductIds":[]},{"id":"vege-chips-multipack-250g","name":"Original Multipack Chips 12 Pack","brand":"Vege","imageUrls":["https://shop.coles.com.au/wcsstore/Coles-CAS/images/8/3/1/8313724.jpg"],"storeId":"coles","packageSize":"250g","cupPrice":"$2.80 per 100G","locations":{"VIC":{"price":7,"discountRate":20,"promo":"","orgPrice":8.8}},"categoryIds":["c-back-to-school","c-pantry","c-healthy-living"],"similarProductIds":[]},{"id":"vege-deli-crisps-yellow-sweet-potato","name":"Yellow Sweet Potato","brand":"Vege Deli Crisps","imageUrls":["https://shop.coles.com.au/wcsstore/Coles-CAS/images/3/1/2/3127926.jpg"],"storeId":"coles","packageSize":"100g","cupPrice":"$4.00 per 100G","locations":{"VIC":{"price":4,"discountRate":27,"promo":"","orgPrice":5.5}},"categoryIds":["c-back-to-school","c-pantry","c-healthy-living"],"similarProductIds":[]},{"id":"arnotts-crackers-original-pizza-shapes-8-pack","name":"Crackers Original Pizza Shapes 8 Pack","brand":"Arnott's","imageUrls":["https://shop.coles.com.au/wcsstore/Coles-CAS/images/2/9/9/2992226.jpg"],"storeId":"coles","packageSize":"200g","cupPrice":"$1.50 per 100G","locations":{"VIC":{"price":3,"discountRate":25,"promo":"","orgPrice":4}},"categoryIds":["c-back-to-school","c-pantry"],"similarProductIds":[]},{"id":"arnotts-scotch-finger-minis-biscuits-8-pack","name":"Scotch Finger Minis Biscuits 8 pack","brand":"Arnott's","imageUrls":["https://shop.coles.com.au/wcsstore/Coles-CAS/images/2/9/9/2992179.jpg"],"storeId":"coles","packageSize":"200g","cupPrice":"$1.50 per 100G","locations":{"VIC":{"price":3,"discountRate":25,"promo":"","orgPrice":4}},"categoryIds":["c-back-to-school","c-pantry"],"similarProductIds":[]},{"id":"arnotts-multipack-8-pack-crackers-mini-jatz","name":"Jatz Original Minis Biscuits 8 pack","brand":"Arnotts","imageUrls":["https://shop.coles.com.au/wcsstore/Coles-CAS/images/3/1/8/3182720.jpg"],"storeId":"coles","packageSize":"184g","cupPrice":"$1.63 per 100G","locations":{"VIC":{"price":3,"discountRate":25,"promo":"","orgPrice":4}},"categoryIds":["c-back-to-school","c-pantry"],"similarProductIds":[]},{"id":"chobani-yoghurt-pouch-blueberry","name":"Blueberry Yoghurt Pouch","brand":"Chobani","imageUrls":["https://shop.coles.com.au/wcsstore/Coles-CAS/images/1/4/3/1434720.jpg"],"storeId":"coles","packageSize":"140g","cupPrice":"$1.07 per 100G","locations":{"VIC":{"price":1.5,"discountRate":33,"promo":"","orgPrice":2.25}},"categoryIds":["c-back-to-school","c-dairy-eggs--meals"],"similarProductIds":[]},{"id":"golden-circle-orange-fruit-drink-6-pack","name":"Orange Fruit Drink Multipack 250mL","brand":"Golden Circle","imageUrls":["https://shop.coles.com.au/wcsstore/Coles-CAS/images/3/8/4/384365.jpg"],"storeId":"coles","packageSize":"6 pack","cupPrice":"$0.63 per 1Ea","locations":{"VIC":{"price":3.8,"discountRate":21,"promo":"Any 2 $6","orgPrice":3.8}},"categoryIds":["c-back-to-school","c-drinks"],"similarProductIds":[]},{"id":"golden-circle-summer-berries-drink","name":"Summer Berries Fruit Drink 250mL","brand":"Golden Circle","imageUrls":["https://shop.coles.com.au/wcsstore/Coles-CAS/images/2/0/4/2044561.jpg"],"storeId":"coles","packageSize":"6 pack","cupPrice":"$0.63 per 1Ea","locations":{"VIC":{"price":3.8,"discountRate":21,"promo":"Any 2 $6","orgPrice":3.8}},"categoryIds":["c-back-to-school","c-drinks"],"similarProductIds":[]},{"id":"healtheries-kidscare-twirls-pizza","name":"KidsCare Pizza Flavour Oven Baked Twirls","brand":"Healtheries","imageUrls":["https://shop.coles.com.au/wcsstore/Coles-CAS/images/3/5/5/3557404.jpg"],"storeId":"coles","packageSize":"144g","cupPrice":"$3.68 per 100G","locations":{"VIC":{"price":5.3,"discountRate":25,"promo":"Any 2 $8","orgPrice":5.3}},"categoryIds":["c-back-to-school","c-pantry","c-healthy-living"],"similarProductIds":[]},{"id":"helgas-gluten-free-mixed-grain","name":"Gluten Free Mixed Grain Bread","brand":"Helga's","imageUrls":["https://shop.coles.com.au/wcsstore/Coles-CAS/images/3/2/3/3237968.jpg"],"storeId":"coles","packageSize":"500g","cupPrice":"$1.20 per 100G","locations":{"VIC":{"price":6,"discountRate":14,"promo":"","orgPrice":7}},"categoryIds":["c-back-to-school","c-bread--bakery"],"similarProductIds":[]},{"id":"helgas-gluten-freee-soy-linseed","name":"Gluten Free Soy & Linseed Bread","brand":"Helga's","imageUrls":["https://shop.coles.com.au/wcsstore/Coles-CAS/images/3/2/3/3237935.jpg"],"storeId":"coles","packageSize":"500g","cupPrice":"$1.20 per 100G","locations":{"VIC":{"price":6,"discountRate":14,"promo":"","orgPrice":7}},"categoryIds":["c-back-to-school","c-bread--bakery"],"similarProductIds":[]},{"id":"jumpys-snacks-chicken-multipacks","name":"Chicken Snacks Multipack 5 pack","brand":"Jumpy's","imageUrls":["https://shop.coles.com.au/wcsstore/Coles-CAS/images/9/1/3/9139462.jpg"],"storeId":"coles","packageSize":"90g","cupPrice":"$3.72 per 100G","locations":{"VIC":{"price":3.35,"discountRate":25,"promo":"Any 2 $5","orgPrice":3.35}},"categoryIds":["c-back-to-school","c-pantry"],"similarProductIds":[]},{"id":"lean-cuisine-convenience-meal-spaghetti-basil-chicken","name":"Frozen Creamy Chicken & Basil Spaghetti Balanced Serve Meal","brand":"Lean Cuisine","imageUrls":["https://shop.coles.com.au/wcsstore/Coles-CAS/images/1/2/8/1281415.jpg"],"storeId":"coles","packageSize":"300g","cupPrice":"$1.33 per 100G","locations":{"VIC":{"price":4,"discountRate":30,"promo":"","orgPrice":5.7}},"categoryIds":["c-back-to-school","c-frozen"],"similarProductIds":[]},{"id":"marbig-colourhide-notebook-a4","name":"Colourhide Notebook A4","brand":"Marbig","imageUrls":["https://shop.coles.com.au/wcsstore/Coles-CAS/images/1/8/3/1838560.jpg"],"storeId":"coles","packageSize":"120 page","cupPrice":"","locations":{"VIC":{"price":3.32,"discountRate":20,"promo":"","orgPrice":4.1499999999999995}},"categoryIds":["c-back-to-school","c-household"],"similarProductIds":[]},{"id":"pringles-sour-cream-onion-potato-chips","name":"Sour Cream & Onion Potato Chips","brand":"Pringles","imageUrls":["https://shop.coles.com.au/wcsstore/Coles-CAS/images/2/7/8/2784058.jpg"],"storeId":"coles","packageSize":"134g","cupPrice":"$2.99 per 100G","locations":{"VIC":{"price":4,"discountRate":50,"promo":"Any 3 $6","orgPrice":4}},"categoryIds":["c-back-to-school","c-entertaining-at-home","c-pantry"],"similarProductIds":[]},{"id":"pringles-minis-multi-pack-sour-cream-onion","name":"Minis Sour Cream & Onion Potato Chips 5 pack","brand":"Pringles","imageUrls":["https://shop.coles.com.au/wcsstore/Coles-CAS/images/3/4/3/3434007.jpg"],"storeId":"coles","packageSize":"95g","cupPrice":"$3.37 per 100G","locations":{"VIC":{"price":3.2,"discountRate":22,"promo":"Any 2 $5","orgPrice":3.2}},"categoryIds":["c-back-to-school","c-pantry"],"similarProductIds":[]},{"id":"red-rock-deli-multipack-swt-chilli--sour-crm-5pk","name":"Multipack Sweet Chilli & Sour Cream 5 pack","brand":"Red Rock Deli","imageUrls":["https://shop.coles.com.au/wcsstore/Coles-CAS/images/3/1/5/3152402.jpg"],"storeId":"coles","packageSize":"140g","cupPrice":"$3.32 per 100G","locations":{"VIC":{"price":4.65,"discountRate":25,"promo":"Any 2 $7","orgPrice":4.65}},"categoryIds":["c-back-to-school","c-pantry"],"similarProductIds":[]},{"id":"reflex-a4-copy-paper-500-sheet","name":"A4 Copy Paper 500 Sheet","brand":"Reflex","imageUrls":["https://shop.coles.com.au/wcsstore/Coles-CAS/images/6/8/6/686499.jpg"],"storeId":"coles","packageSize":"","cupPrice":"$5.00 per 1ea","locations":{"VIC":{"price":5,"discountRate":29,"promo":"","orgPrice":7}},"categoryIds":["c-back-to-school","c-household"],"similarProductIds":[]},{"id":"ritz-original-mini-multipack-6-pack","name":"Original Mini Crackers 6 Multipack","brand":"Ritz Snackz","imageUrls":["https://shop.coles.com.au/wcsstore/Coles-CAS/images/2/4/7/2471981.jpg"],"storeId":"coles","packageSize":"150g","cupPrice":"$1.60 per 100G","locations":{"VIC":{"price":2.4,"discountRate":25,"promo":"","orgPrice":3.2}},"categoryIds":["c-back-to-school","c-pantry"],"similarProductIds":[]},{"id":"sunrice-mini-bites-chicken-8-pack","name":"Mini Bites Chicken 8 pack","brand":"Sunrice","imageUrls":["https://shop.coles.com.au/wcsstore/Coles-CAS/images/1/9/9/1994995.jpg"],"storeId":"coles","packageSize":"160g","cupPrice":"$1.88 per 100G","locations":{"VIC":{"price":3,"discountRate":0,"promo":"","orgPrice":3}},"categoryIds":["c-back-to-school","c-pantry","c-healthy-living"],"similarProductIds":[]},{"id":"sunrice-creepy-cheese-mini-bites-8pk","name":"Creepy Cheese Mini Bites 8pk","brand":"Sunrice","imageUrls":["https://shop.coles.com.au/wcsstore/Coles-CAS/images/1/9/9/1994984.jpg"],"storeId":"coles","packageSize":"160g","cupPrice":"$1.88 per 100G","locations":{"VIC":{"price":3,"discountRate":0,"promo":"","orgPrice":3}},"categoryIds":["c-back-to-school","c-pantry","c-healthy-living"],"similarProductIds":[]},{"id":"arnotts-biscuits-shredded-wheatmeal","name":"Shredded Wheatmeal Biscuits","brand":"Arnott's","imageUrls":["https://shop.coles.com.au/wcsstore/Coles-CAS/images/3/2/9/329276.jpg"],"storeId":"coles","packageSize":"250g","cupPrice":"$0.72 per 100G","locations":{"VIC":{"price":1.8,"discountRate":22,"promo":"","orgPrice":2.3}},"categoryIds":["c-back-to-school","c-entertaining-at-home","c-pantry"],"similarProductIds":[]},{"id":"arnotts-biscuits-nice","name":"Nice Biscuits","brand":"Arnott's","imageUrls":["https://shop.coles.com.au/wcsstore/Coles-CAS/images/3/2/8/328987.jpg"],"storeId":"coles","packageSize":"250g","cupPrice":"$0.72 per 100G","locations":{"VIC":{"price":1.8,"discountRate":22,"promo":"","orgPrice":2.3}},"categoryIds":["c-back-to-school","c-entertaining-at-home","c-pantry"],"similarProductIds":[]},{"id":"arnotts-minis-choc-chip-cookies-7-pack","name":"Minis Choc Chip Cookies 7 pack","brand":"Arnott's","imageUrls":["https://shop.coles.com.au/wcsstore/Coles-CAS/images/2/9/9/2992157.jpg"],"storeId":"coles","packageSize":"175g","cupPrice":"$1.71 per 100G","locations":{"VIC":{"price":3,"discountRate":25,"promo":"","orgPrice":4}},"categoryIds":["c-back-to-school","c-pantry"],"similarProductIds":[]},{"id":"arnotts-shapes-crackers-under-the-sea-8-pack","name":"Shapes Vegemite & Cheese 8 pack","brand":"Arnott's","imageUrls":["https://shop.coles.com.au/wcsstore/Coles-CAS/images/2/9/9/2992248.jpg"],"storeId":"coles","packageSize":"200g","cupPrice":"$1.50 per 100G","locations":{"VIC":{"price":3,"discountRate":25,"promo":"","orgPrice":4}},"categoryIds":["c-back-to-school","c-pantry"],"similarProductIds":[]},{"id":"arnotts-multipack-8pk-biscuits-arrowroot-letter","name":"Mini Milk Arrowroot Letters Biscuits 8 pack","brand":"Arnott's","imageUrls":["https://shop.coles.com.au/wcsstore/Coles-CAS/images/3/4/6/3468166.jpg"],"storeId":"coles","packageSize":"168g","cupPrice":"$1.79 per 100G","locations":{"VIC":{"price":3,"discountRate":25,"promo":"","orgPrice":4}},"categoryIds":["c-back-to-school","c-pantry"],"similarProductIds":[]},{"id":"anathoth-lemon-curd","name":"Lemon Curd","brand":"Barker's","imageUrls":["https://shop.coles.com.au/wcsstore/Coles-CAS/images/1/1/6/1162256.jpg"],"storeId":"coles","packageSize":"420g","cupPrice":"$0.95 per 100G","locations":{"VIC":{"price":4,"discountRate":20,"promo":"","orgPrice":5}},"categoryIds":["c-back-to-school","c-pantry"],"similarProductIds":[]},{"id":"anathoth-jam-apricot","name":"Apricot Jam","brand":"Barker's","imageUrls":["https://shop.coles.com.au/wcsstore/Coles-CAS/images/7/6/8/7682827.jpg"],"storeId":"coles","packageSize":"455g","cupPrice":"$0.88 per 100G","locations":{"VIC":{"price":4,"discountRate":20,"promo":"","orgPrice":5}},"categoryIds":["c-back-to-school","c-pantry"],"similarProductIds":[]},{"id":"anathoth-raspberry-jam","name":"Raspberry Jam","brand":"Barker's","imageUrls":["https://shop.coles.com.au/wcsstore/Coles-CAS/images/7/5/4/7549350.jpg"],"storeId":"coles","packageSize":"455g","cupPrice":"$0.88 per 100G","locations":{"VIC":{"price":4,"discountRate":20,"promo":"","orgPrice":5}},"categoryIds":["c-back-to-school","c-pantry"],"similarProductIds":[]},{"id":"belvita-biscuits-breakfast-fruit-fibre-6-pack","name":"Fruit and Fibre Breakfast Biscuits 6 Pack","brand":"Belvita","imageUrls":["https://shop.coles.com.au/wcsstore/Coles-CAS/images/9/1/0/9109870.jpg"],"storeId":"coles","packageSize":"300g","cupPrice":"$0.67 per 100G","locations":{"VIC":{"price":2,"discountRate":50,"promo":"","orgPrice":4}},"categoryIds":["c-back-to-school","c-pantry"],"similarProductIds":[]},{"id":"belvita-biscuits-breakfast-honey-nut-6-pack","name":"Honey and Nut Breakfast Biscuits 6 Pack","brand":"Belvita","imageUrls":["https://shop.coles.com.au/wcsstore/Coles-CAS/images/1/0/2/1020783.jpg"],"storeId":"coles","packageSize":"300g","cupPrice":"$0.67 per 100G","locations":{"VIC":{"price":2,"discountRate":50,"promo":"","orgPrice":4}},"categoryIds":["c-back-to-school","c-entertaining-at-home","c-pantry"],"similarProductIds":[]},{"id":"cadbury-choc-biscuit-freddo","name":"Freddo Delicious Biscuits Dipped In Milk Chocolate","brand":"Cadbury","imageUrls":["https://shop.coles.com.au/wcsstore/Coles-CAS/images/3/2/6/3265792.jpg"],"storeId":"coles","packageSize":"167g","cupPrice":"$1.20 per 100G","locations":{"VIC":{"price":2,"discountRate":33,"promo":"","orgPrice":3}},"categoryIds":["c-back-to-school","c-entertaining-at-home","c-pantry"],"similarProductIds":[]},{"id":"chobani-yogurt-limited-edition-pouch","name":"Limited Edition Watermelon Flavour Greek Yoghurt Pouch","brand":"Chobani","imageUrls":["https://shop.coles.com.au/wcsstore/Coles-CAS/images/3/2/4/3246572.jpg"],"storeId":"coles","packageSize":"140g","cupPrice":"$1.07 per 100G","locations":{"VIC":{"price":1.5,"discountRate":33,"promo":"","orgPrice":2.25}},"categoryIds":["c-back-to-school","c-dairy-eggs--meals"],"similarProductIds":[]},{"id":"cocobella-pouch-coconut-yoghurt-strawby","name":"Active Strawberry Coconut Yoghurt Pouch","brand":"Cocobella","imageUrls":["https://shop.coles.com.au/wcsstore/Coles-CAS/images/3/5/4/3540354.jpg"],"storeId":"coles","packageSize":"110g","cupPrice":"$1.36 per 100G","locations":{"VIC":{"price":1.5,"discountRate":25,"promo":"","orgPrice":2}},"categoryIds":["c-back-to-school","c-dairy-eggs--meals"],"similarProductIds":[]},{"id":"cocobella-pouch-coconut-yoghurt-vanilla","name":"Vanilla Coconut Yoghurt Pouch","brand":"Cocobella","imageUrls":["https://shop.coles.com.au/wcsstore/Coles-CAS/images/3/5/4/3540365.jpg"],"storeId":"coles","packageSize":"110g","cupPrice":"$1.36 per 100G","locations":{"VIC":{"price":1.5,"discountRate":25,"promo":"","orgPrice":2}},"categoryIds":["c-back-to-school","c-dairy-eggs--meals"],"similarProductIds":[]},{"id":"coles-gooey-cookie-caramel-filled","name":"Gooey Caramel Filled Cookie Crumbles 8 Pack","brand":"Coles","imageUrls":["https://shop.coles.com.au/wcsstore/Coles-CAS/images/3/2/8/3288798.jpg"],"storeId":"coles","packageSize":"200g","cupPrice":"$1.75 per 100G","locations":{"VIC":{"price":3.5,"discountRate":57,"promo":"2 for $3","orgPrice":3.5}},"categoryIds":["c-back-to-school","c-pantry"],"similarProductIds":[]},{"id":"coolpack-popcorn-butter-6-pack","name":"Butter Flavoured Popcorn 6 Pack","brand":"Cool Pak","imageUrls":["https://shop.coles.com.au/wcsstore/Coles-CAS/images/3/5/6/3569141.jpg"],"storeId":"coles","packageSize":"66g","cupPrice":"$4.76 per 100G","locations":{"VIC":{"price":3.14,"discountRate":20,"promo":"Any 2 $5","orgPrice":3.14}},"categoryIds":["c-back-to-school","c-pantry"],"similarProductIds":[]},{"id":"kraft-pods--cheese-snacks-bots","name":"Cheese Pods 5 Pack","brand":"Dairylea","imageUrls":["https://shop.coles.com.au/wcsstore/Coles-CAS/images/8/6/5/8655230.jpg"],"storeId":"coles","packageSize":"100g","cupPrice":"$30.00 per 1Kg","locations":{"VIC":{"price":3,"discountRate":25,"promo":"","orgPrice":4}},"categoryIds":["c-back-to-school","c-dairy-eggs--meals"],"similarProductIds":[]},{"id":"danone-ultimate-greek-yoghurt-4pk-mango","name":"The Ultimate Tropical Mango Yoghurt 4x115g","brand":"Danone","imageUrls":["https://shop.coles.com.au/wcsstore/Coles-CAS/images/3/3/1/3310194.jpg"],"storeId":"coles","packageSize":"4 pack","cupPrice":"$0.75 per 1Ea","locations":{"VIC":{"price":3,"discountRate":33,"promo":"","orgPrice":4.5}},"categoryIds":["c-back-to-school","c-dairy-eggs--meals"],"similarProductIds":[]},{"id":"favva-beans-red-pepper-chilli","name":"Red Pepper & Chilli","brand":"Favva Beans","imageUrls":["https://shop.coles.com.au/wcsstore/Coles-CAS/images/2/9/0/2903816.jpg"],"storeId":"coles","packageSize":"150g","cupPrice":"$2.80 per 100G","locations":{"VIC":{"price":4.2,"discountRate":21,"promo":"","orgPrice":5.300000000000001}},"categoryIds":["c-back-to-school","c-pantry","c-healthy-living"],"similarProductIds":[]},{"id":"favva-beans-sea-salt-vinegar","name":"Sea Salt & Vinegar","brand":"Favva Beans","imageUrls":["https://shop.coles.com.au/wcsstore/Coles-CAS/images/2/9/0/2903827.jpg"],"storeId":"coles","packageSize":"150g","cupPrice":"$2.80 per 100G","locations":{"VIC":{"price":4.2,"discountRate":21,"promo":"","orgPrice":5.300000000000001}},"categoryIds":["c-back-to-school","c-pantry","c-healthy-living"],"similarProductIds":[]},{"id":"food-for-health-cereal-cluster-fruit-free","name":"Fruit Free Clusters with Chai & Cinnamon","brand":"Food For Health","imageUrls":["https://shop.coles.com.au/wcsstore/Coles-CAS/images/7/5/9/7595493.jpg"],"storeId":"coles","packageSize":"425g","cupPrice":"$1.51 per 100G","locations":{"VIC":{"price":6.4,"discountRate":20,"promo":"","orgPrice":8}},"categoryIds":["c-back-to-school","c-pantry","c-healthy-living"],"similarProductIds":[]},{"id":"food-for-health-fruit-free-cacao-coffee-gf","name":"Coffee & Cacao Fruit Free Clusters","brand":"Food For Health","imageUrls":["https://shop.coles.com.au/wcsstore/Coles-CAS/images/2/8/9/2899264.jpg"],"storeId":"coles","packageSize":"425g","cupPrice":"$1.51 per 100G","locations":{"VIC":{"price":6.4,"discountRate":20,"promo":"","orgPrice":8}},"categoryIds":["c-back-to-school","c-pantry","c-healthy-living"],"similarProductIds":[]},{"id":"brekky-heroes-malt-clusters","name":"Brekky Heroes Choc Malt Clusters","brand":"Freedom Foods","imageUrls":["https://shop.coles.com.au/wcsstore/Coles-CAS/images/3/5/0/3507122.jpg"],"storeId":"coles","packageSize":"390g","cupPrice":"$0.51 per 100G","locations":{"VIC":{"price":2,"discountRate":50,"promo":"","orgPrice":4}},"categoryIds":["c-back-to-school","c-pantry"],"similarProductIds":[]},{"id":"golden-circle-golden-pash-drink","name":"Golden Pash Fruit Drink Multipack 250mL","brand":"Golden Circle","imageUrls":["https://shop.coles.com.au/wcsstore/Coles-CAS/images/5/1/2/5127246.jpg"],"storeId":"coles","packageSize":"6 pack","cupPrice":"$0.63 per 1Ea","locations":{"VIC":{"price":3.8,"discountRate":21,"promo":"Any 2 $6","orgPrice":3.8}},"categoryIds":["c-back-to-school","c-drinks"],"similarProductIds":[]},{"id":"golden-circle-drink-apple-250ml","name":"Apple Fruit Drink Multipack 250mL","brand":"Golden Circle","imageUrls":["https://shop.coles.com.au/wcsstore/Coles-CAS/images/2/1/2/212111.jpg"],"storeId":"coles","packageSize":"6 pack","cupPrice":"$0.63 per 1Ea","locations":{"VIC":{"price":3.8,"discountRate":21,"promo":"Any 2 $6","orgPrice":3.8}},"categoryIds":["c-back-to-school","c-drinks"],"similarProductIds":[]},{"id":"healtheries-kidscare-potato-sticks-roast-chicken-8-pack","name":"KidsCare Potato Stix Chicken 8 pack","brand":"Healtheries","imageUrls":["https://shop.coles.com.au/wcsstore/Coles-CAS/images/7/2/4/7241322.jpg"],"storeId":"coles","packageSize":"160g","cupPrice":"$3.31 per 100G","locations":{"VIC":{"price":5.3,"discountRate":25,"promo":"Any 2 $8","orgPrice":5.3}},"categoryIds":["c-back-to-school","c-pantry","c-healthy-living"],"similarProductIds":[]},{"id":"jalna-pouch-of-purity-organic-yoghurt-strawbery","name":"Pouch Of Purity Organic Strawberry Yoghurt","brand":"Jalna","imageUrls":["https://shop.coles.com.au/wcsstore/Coles-CAS/images/3/5/3/3536583.jpg"],"storeId":"coles","packageSize":"100g","cupPrice":"$1.70 per 100G","locations":{"VIC":{"price":1.7,"discountRate":22,"promo":"Any 3 $3.99","orgPrice":1.7}},"categoryIds":["c-back-to-school","c-dairy-eggs--meals"],"similarProductIds":[]},{"id":"jalna-pouch-of-purity-organic-yoghurt-vanilla","name":"Pouch Of Purity Organic Vanilla Yoghurt","brand":"Jalna","imageUrls":["https://shop.coles.com.au/wcsstore/Coles-CAS/images/3/5/3/3536572.jpg"],"storeId":"coles","packageSize":"100g","cupPrice":"$1.70 per 100G","locations":{"VIC":{"price":1.7,"discountRate":22,"promo":"Any 3 $3.99","orgPrice":1.7}},"categoryIds":["c-back-to-school","c-dairy-eggs--meals"],"similarProductIds":[]},{"id":"lean-cuisine-meal-lamb-rosemary-hot-pot","name":"Frozen Balance Hearty Lamb & Rosemary Hot Pot","brand":"Lean Cuisine","imageUrls":["https://shop.coles.com.au/wcsstore/Coles-CAS/images/6/5/6/6567980.jpg"],"storeId":"coles","packageSize":"290g","cupPrice":"$1.38 per 100G","locations":{"VIC":{"price":4,"discountRate":30,"promo":"","orgPrice":5.7}},"categoryIds":["c-back-to-school","c-winter","c-frozen"],"similarProductIds":[]},{"id":"lean-cuisine-meal-creamy-salmon-dill-linguine","name":"Frozen Balance Creamy Salmon & Dill Linguine","brand":"Lean Cuisine","imageUrls":["https://shop.coles.com.au/wcsstore/Coles-CAS/images/9/2/3/9230881.jpg"],"storeId":"coles","packageSize":"300g","cupPrice":"$1.33 per 100G","locations":{"VIC":{"price":4,"discountRate":30,"promo":"","orgPrice":5.7}},"categoryIds":["c-back-to-school","c-frozen"],"similarProductIds":[]},{"id":"loacker-gran-paticceria-noisette","name":"Gran Pasticceria Creme Noisette Chocolate Wafer Biscuit","brand":"Loacker","imageUrls":["https://shop.coles.com.au/wcsstore/Coles-CAS/images/5/0/1/5019935.jpg"],"storeId":"coles","packageSize":"100g","cupPrice":"$2.50 per 100G","locations":{"VIC":{"price":2.5,"discountRate":38,"promo":"","orgPrice":4}},"categoryIds":["c-back-to-school","c-international-foods"],"similarProductIds":[]},{"id":"mission-wraps-zesty-garlic-herb-8-pack","name":"Roasted Garlic Wraps 8 pack","brand":"Mission","imageUrls":["https://shop.coles.com.au/wcsstore/Coles-CAS/images/6/9/5/6955673.jpg"],"storeId":"coles","packageSize":"567g","cupPrice":"$0.71 per 100G","locations":{"VIC":{"price":4,"discountRate":20,"promo":"","orgPrice":5}},"categoryIds":["c-back-to-school","c-entertaining-at-home","c-bread--bakery"],"similarProductIds":[]},{"id":"pureharvest-abc-hemp","name":"Abc Hemp Spread","brand":"Pureharvest","imageUrls":["https://shop.coles.com.au/wcsstore/Coles-CAS/images/3/1/3/3134331.jpg"],"storeId":"coles","packageSize":"250g","cupPrice":"$2.76 per 100G","locations":{"VIC":{"price":6.9,"discountRate":23,"promo":"","orgPrice":9}},"categoryIds":["c-back-to-school","c-pantry","c-healthy-living"],"similarProductIds":[]},{"id":"simsons-pantry-wholegrain-super-barley-5pk","name":"Wholegrain Super Barley 5 pack","brand":"Simson's Pantry","imageUrls":["https://shop.coles.com.au/wcsstore/Coles-CAS/images/3/6/6/3665520.jpg"],"storeId":"coles","packageSize":"225g","cupPrice":"$1.78 per 100G","locations":{"VIC":{"price":4,"discountRate":20,"promo":"","orgPrice":5}},"categoryIds":["c-back-to-school","c-bread--bakery"],"similarProductIds":[]},{"id":"sunrice-mini-bites-original-8pk","name":"Mini Bites Original 8pk","brand":"Sunrice","imageUrls":["https://shop.coles.com.au/wcsstore/Coles-CAS/images/1/9/9/1999241.jpg"],"storeId":"coles","packageSize":"160g","cupPrice":"$1.88 per 100G","locations":{"VIC":{"price":3,"discountRate":0,"promo":"","orgPrice":3}},"categoryIds":["c-back-to-school","c-pantry","c-healthy-living"],"similarProductIds":[]},{"id":"the-happy-snack-company-kids-roasted-pizza-fav-va-beans-10-pack","name":"Kids Roasted Pizza Fav-Va Beans 10 pack","brand":"The Happy Snack Company","imageUrls":["https://shop.coles.com.au/wcsstore/Coles-CAS/images/2/5/0/2508040.jpg"],"storeId":"coles","packageSize":"150g","cupPrice":"$2.80 per 100G","locations":{"VIC":{"price":4.2,"discountRate":21,"promo":"","orgPrice":5.300000000000001}},"categoryIds":["c-back-to-school","c-pantry","c-healthy-living"],"similarProductIds":[]},{"id":"favva-beans-lightly-salted","name":"Crunchy Roasted Favva Beans Lightly Salted","brand":"The Happy Snack Company","imageUrls":["https://shop.coles.com.au/wcsstore/Coles-CAS/images/2/9/0/2903838.jpg"],"storeId":"coles","packageSize":"150g","cupPrice":"$2.80 per 100G","locations":{"VIC":{"price":4.2,"discountRate":21,"promo":"","orgPrice":5.300000000000001}},"categoryIds":["c-back-to-school","c-pantry","c-healthy-living"],"similarProductIds":[]},{"id":"bel-dairy-cheese-snack-dippers-4-pack","name":"Creamy Cheese Dip And Crunchy Breadsticks 4 pack","brand":"The Laughing Cow","imageUrls":["https://shop.coles.com.au/wcsstore/Coles-CAS/images/8/1/3/8139809.jpg"],"storeId":"coles","packageSize":"140g","cupPrice":"","locations":{"VIC":{"price":3.5,"discountRate":22,"promo":"","orgPrice":4.5}},"categoryIds":["c-back-to-school","c-dairy-eggs--meals"],"similarProductIds":[]},{"id":"natural-chip-co-snacks-veg-chese-multipack","name":"Veggie Ring Cheese Snacks","brand":"The Natural Chip Co","imageUrls":["https://shop.coles.com.au/wcsstore/Coles-CAS/images/3/7/1/3717238.jpg"],"storeId":"coles","packageSize":"90g","cupPrice":"$3.72 per 100G","locations":{"VIC":{"price":3.35,"discountRate":25,"promo":"Any 2 $5","orgPrice":3.35}},"categoryIds":["c-back-to-school","c-pantry"],"similarProductIds":[]},{"id":"vege-deli-crips-purple-sweet-potato","name":"Deli Crisps Purple Sweet Potato Chips","brand":"Vege","imageUrls":["https://shop.coles.com.au/wcsstore/Coles-CAS/images/2/8/9/2898283.jpg"],"storeId":"coles","packageSize":"100g","cupPrice":"$4.00 per 100G","locations":{"VIC":{"price":4,"discountRate":27,"promo":"","orgPrice":5.5}},"categoryIds":["c-back-to-school","c-entertaining-at-home","c-pantry","c-healthy-living"],"similarProductIds":[]},{"id":"arnotts-crackers-crimpy-chicken-shapes-8-pack","name":"Crackers Crimpy Chicken Shapes 8 Pack","brand":"Arnott's","imageUrls":["https://shop.coles.com.au/wcsstore/Coles-CAS/images/2/9/9/2992237.jpg"],"storeId":"coles","packageSize":"200g","cupPrice":"$1.50 per 100G","locations":{"VIC":{"price":3,"discountRate":25,"promo":"","orgPrice":4}},"categoryIds":["c-back-to-school","c-pantry"],"similarProductIds":[]},{"id":"arnotts-tiny-teddy-spotty-dog-biscuits-8-pack","name":"Tiny Teddy Spotty Dog Biscuits 8 Pack","brand":"Arnott's","imageUrls":["https://shop.coles.com.au/wcsstore/Coles-CAS/images/2/9/9/2992113.jpg"],"storeId":"coles","packageSize":"184g","cupPrice":"$1.63 per 100G","locations":{"VIC":{"price":3,"discountRate":25,"promo":"","orgPrice":4}},"categoryIds":["c-back-to-school","c-pantry"],"similarProductIds":[]},{"id":"arnotts-multipack-8-pack-cracker-chips-seasalt","name":"Sea Salt Cracker Chips 7 pack","brand":"Arnott's","imageUrls":["https://shop.coles.com.au/wcsstore/Coles-CAS/images/3/4/6/3468133.jpg"],"storeId":"coles","packageSize":"126g","cupPrice":"$2.38 per 100G","locations":{"VIC":{"price":3,"discountRate":29,"promo":"","orgPrice":4.2}},"categoryIds":["c-back-to-school","c-pantry"],"similarProductIds":[]},{"id":"arnotts-multipack-8-pack-cracker-chip-honeysoy-chk","name":"Honey Soy Chicken Cracker Chips 7 pack","brand":"Arnott's","imageUrls":["https://shop.coles.com.au/wcsstore/Coles-CAS/images/3/4/6/3468122.jpg"],"storeId":"coles","packageSize":"126g","cupPrice":"$2.38 per 100G","locations":{"VIC":{"price":3,"discountRate":29,"promo":"","orgPrice":4.2}},"categoryIds":["c-back-to-school","c-pantry"],"similarProductIds":[]},{"id":"anathoth-jam-three-berry","name":"Three Berry Jam","brand":"Barker's","imageUrls":["https://shop.coles.com.au/wcsstore/Coles-CAS/images/7/6/8/7682838.jpg"],"storeId":"coles","packageSize":"455g","cupPrice":"$0.88 per 100G","locations":{"VIC":{"price":4,"discountRate":20,"promo":"","orgPrice":5}},"categoryIds":["c-back-to-school","c-pantry"],"similarProductIds":[]},{"id":"black-swan-dip-spring-onion","name":"Spring Onion Dip","brand":"Black Swan","imageUrls":["https://shop.coles.com.au/wcsstore/Coles-CAS/images/6/8/2/6824290.jpg"],"storeId":"coles","packageSize":"200g","cupPrice":"$1.75 per 100G","locations":{"VIC":{"price":3.5,"discountRate":14,"promo":"Any 2 $6","orgPrice":3.5}},"categoryIds":["c-back-to-school","c-entertaining-at-home","c-dairy-eggs--meals"],"similarProductIds":[]},{"id":"cadbury-breakaway-milk-chocolate-biscuit","name":"Breakaway Milk Chocolate Biscuit","brand":"Cadbury","imageUrls":["https://shop.coles.com.au/wcsstore/Coles-CAS/images/2/2/3/2239312.jpg"],"storeId":"coles","packageSize":"180g","cupPrice":"$1.39 per 100G","locations":{"VIC":{"price":2.5,"discountRate":29,"promo":"","orgPrice":3.5}},"categoryIds":["c-back-to-school","c-entertaining-at-home","c-pantry"],"similarProductIds":[]},{"id":"chobani-yoghurt-vanilla-pouch","name":"Vanilla Yoghurt Pouch","brand":"Chobani","imageUrls":["https://shop.coles.com.au/wcsstore/Coles-CAS/images/3/0/8/3088110.jpg"],"storeId":"coles","packageSize":"140g","cupPrice":"$1.07 per 100G","locations":{"VIC":{"price":1.5,"discountRate":33,"promo":"","orgPrice":2.25}},"categoryIds":["c-back-to-school","c-dairy-eggs--meals"],"similarProductIds":[]},{"id":"chobani-pouch-yoghurt-tropical","name":"Tropical Yoghurt Pouch","brand":"Chobani","imageUrls":["https://shop.coles.com.au/wcsstore/Coles-CAS/images/3/5/3/3539774.jpg"],"storeId":"coles","packageSize":"140g","cupPrice":"$1.07 per 100G","locations":{"VIC":{"price":1.5,"discountRate":33,"promo":"","orgPrice":2.25}},"categoryIds":["c-back-to-school","c-dairy-eggs--meals"],"similarProductIds":[]},{"id":"danone-ultimate-greek-yoghurt-4pk-black-cherry","name":"The Ultimate Black Cherry Yoghurt 4x115g","brand":"Danone","imageUrls":["https://shop.coles.com.au/wcsstore/Coles-CAS/images/3/3/1/3310183.jpg"],"storeId":"coles","packageSize":"4 pack","cupPrice":"$0.75 per 1Ea","locations":{"VIC":{"price":3,"discountRate":33,"promo":"","orgPrice":4.5}},"categoryIds":["c-back-to-school","c-dairy-eggs--meals"],"similarProductIds":[]},{"id":"food-for-health-muesli-gluten-free","name":"Gluten Free Muesli","brand":"Food For Health","imageUrls":["https://shop.coles.com.au/wcsstore/Coles-CAS/images/6/4/2/6428441.jpg"],"storeId":"coles","packageSize":"425g","cupPrice":"$1.35 per 100G","locations":{"VIC":{"price":6.4,"discountRate":20,"promo":"","orgPrice":8}},"categoryIds":["c-back-to-school","c-pantry","c-healthy-living"],"similarProductIds":[]},{"id":"food-for-heatlh-simply-fibre-muesli","name":"Simply Fibre Muesli","brand":"Food For Health","imageUrls":["https://shop.coles.com.au/wcsstore/Coles-CAS/images/2/8/9/2899286.jpg"],"storeId":"coles","packageSize":"475g","cupPrice":"$1.35 per 100G","locations":{"VIC":{"price":6.4,"discountRate":20,"promo":"","orgPrice":8}},"categoryIds":["c-back-to-school","c-pantry","c-healthy-living"],"similarProductIds":[]},{"id":"food-for-health-fruit-free-clstr-simply-nuty-gf","name":"Nutty Almond Fruit Free Clusters","brand":"Food For Health","imageUrls":["https://shop.coles.com.au/wcsstore/Coles-CAS/images/2/8/9/2899275.jpg"],"storeId":"coles","packageSize":"425g","cupPrice":"$1.51 per 100G","locations":{"VIC":{"price":6.4,"discountRate":20,"promo":"","orgPrice":8}},"categoryIds":["c-back-to-school","c-pantry","c-healthy-living"],"similarProductIds":[]},{"id":"brekky-heroes-berry-loops","name":"Brekky Heroes Berry Loops","brand":"Freedom Foods","imageUrls":["https://shop.coles.com.au/wcsstore/Coles-CAS/images/3/5/0/3507133.jpg"],"storeId":"coles","packageSize":"275g","cupPrice":"$0.73 per 100G","locations":{"VIC":{"price":2,"discountRate":50,"promo":"","orgPrice":4}},"categoryIds":["c-back-to-school","c-pantry"],"similarProductIds":[]},{"id":"golden-circle-sunshine-punch-fruit-drink","name":"Sunshine Punch Fruit Drink Multipack 250mL","brand":"Golden Circle","imageUrls":["https://shop.coles.com.au/wcsstore/Coles-CAS/images/6/9/1/6910391.jpg"],"storeId":"coles","packageSize":"6 pack","cupPrice":"$0.63 per 1Ea","locations":{"VIC":{"price":3.8,"discountRate":21,"promo":"Any 2 $6","orgPrice":3.8}},"categoryIds":["c-back-to-school","c-drinks"],"similarProductIds":[]},{"id":"golden-circle-pineapple-orange-fruit-drink","name":"Pine Orange Fruit Drink Multipack 250mL","brand":"Golden Circle","imageUrls":["https://shop.coles.com.au/wcsstore/Coles-CAS/images/3/8/4/384376.jpg"],"storeId":"coles","packageSize":"6 pack","cupPrice":"$2.53 per 1L","locations":{"VIC":{"price":3.8,"discountRate":21,"promo":"Any 2 $6","orgPrice":3.8}},"categoryIds":["c-back-to-school","c-drinks"],"similarProductIds":[]},{"id":"golden-circle-apple-blackcurrant-tetra-drink","name":"Apple Blackcurrant Fruit Drink Multipack 250mL","brand":"Golden Circle","imageUrls":["https://shop.coles.com.au/wcsstore/Coles-CAS/images/2/0/4/2044550.jpg"],"storeId":"coles","packageSize":"6 pack","cupPrice":"$0.63 per 1Ea","locations":{"VIC":{"price":3.8,"discountRate":21,"promo":"Any 2 $6","orgPrice":3.8}},"categoryIds":["c-back-to-school","c-drinks"],"similarProductIds":[]},{"id":"healtheries-kidscare-twirls-chick","name":"KidsCare Chicken Flavour Oven Baked Twirls 8 pack","brand":"Healtheries","imageUrls":["https://shop.coles.com.au/wcsstore/Coles-CAS/images/3/5/5/3557380.jpg"],"storeId":"coles","packageSize":"144g","cupPrice":"$3.68 per 100G","locations":{"VIC":{"price":5.3,"discountRate":25,"promo":"Any 2 $8","orgPrice":5.3}},"categoryIds":["c-back-to-school","c-pantry","c-healthy-living"],"similarProductIds":[]},{"id":"helgas-white-gluten-freee","name":"Gluten Free White Bread Slices","brand":"Helga's","imageUrls":["https://shop.coles.com.au/wcsstore/Coles-CAS/images/3/2/3/3237913.jpg"],"storeId":"coles","packageSize":"470g","cupPrice":"$1.28 per 100G","locations":{"VIC":{"price":6,"discountRate":14,"promo":"","orgPrice":7}},"categoryIds":["c-back-to-school","c-entertaining-at-home","c-bread--bakery"],"similarProductIds":[]},{"id":"jalna-pouch-of-purity-organic-yoghurt-banana","name":"Pouch Of Purity Organic Banana Yoghurt","brand":"Jalna","imageUrls":["https://shop.coles.com.au/wcsstore/Coles-CAS/images/3/5/3/3536550.jpg"],"storeId":"coles","packageSize":"100g","cupPrice":"$1.70 per 100G","locations":{"VIC":{"price":1.7,"discountRate":22,"promo":"Any 3 $3.99","orgPrice":1.7}},"categoryIds":["c-back-to-school","c-dairy-eggs--meals"],"similarProductIds":[]},{"id":"lean-cuisine-meal-chicken-satay-noodles","name":"Frozen Balance Satay Chicken Noodles","brand":"Lean Cuisine","imageUrls":["https://shop.coles.com.au/wcsstore/Coles-CAS/images/9/2/2/9229587.jpg"],"storeId":"coles","packageSize":"300g","cupPrice":"$1.33 per 100G","locations":{"VIC":{"price":4,"discountRate":30,"promo":"","orgPrice":5.7}},"categoryIds":["c-back-to-school","c-frozen"],"similarProductIds":[]},{"id":"lean-cuisine-meal-spaghetti-bolognese","name":"Frozen Balance Classic Spaghetti Bolognese","brand":"Lean Cuisine","imageUrls":["https://shop.coles.com.au/wcsstore/Coles-CAS/images/6/5/6/6567947.jpg"],"storeId":"coles","packageSize":"300g","cupPrice":"$1.33 per 100G","locations":{"VIC":{"price":4,"discountRate":30,"promo":"","orgPrice":5.7}},"categoryIds":["c-back-to-school","c-winter","c-frozen"],"similarProductIds":[]},{"id":"lean-cuisine-meal-thai-green-chicken-curry-with-rice","name":"Frozen Steam Thai Green Curry with Rice","brand":"Lean Cuisine","imageUrls":["https://shop.coles.com.au/wcsstore/Coles-CAS/images/9/2/2/9229747.jpg"],"storeId":"coles","packageSize":"280g","cupPrice":"$1.43 per 100G","locations":{"VIC":{"price":4,"discountRate":30,"promo":"","orgPrice":5.7}},"categoryIds":["c-back-to-school","c-winter","c-frozen"],"similarProductIds":[]},{"id":"manuka-health-mgo100-manuka-honey","name":"Mgo100+ Manuka Honey","brand":"Manuka Health","imageUrls":["https://shop.coles.com.au/wcsstore/Coles-CAS/images/3/1/2/3129150.jpg"],"storeId":"coles","packageSize":"250g","cupPrice":"$6.80 per 100G","locations":{"VIC":{"price":17,"discountRate":15,"promo":"","orgPrice":20}},"categoryIds":["c-back-to-school","c-pantry","c-healthy-living"],"similarProductIds":[]},{"id":"maped-shaker-sharpener-maped-shaker-sharpener","name":"2 Hole Pencil Sharpener","brand":"Maped","imageUrls":["https://shop.coles.com.au/wcsstore/Coles-CAS/images/3/1/8/3188024.jpg"],"storeId":"coles","packageSize":"","cupPrice":"$2.45 per 1Ea","locations":{"VIC":{"price":2.45,"discountRate":30,"promo":"","orgPrice":3.5}},"categoryIds":["c-back-to-school","c-household"],"similarProductIds":[]},{"id":"mission-wraps-low-gi-wholemeal-6-pack","name":"Low GI Wraps 6 Pack","brand":"Mission","imageUrls":["https://shop.coles.com.au/wcsstore/Coles-CAS/images/3/3/1/3313760.jpg"],"storeId":"coles","packageSize":"425g","cupPrice":"$0.94 per 100G","locations":{"VIC":{"price":4,"discountRate":20,"promo":"","orgPrice":5}},"categoryIds":["c-back-to-school","c-bread--bakery"],"similarProductIds":[]},{"id":"multix-greener-resealable-sandwich-bags","name":"Greener Degradable Sandwich Bags","brand":"Multix","imageUrls":["https://shop.coles.com.au/wcsstore/Coles-CAS/images/3/3/1/3312702.jpg"],"storeId":"coles","packageSize":"30 pack","cupPrice":"$0.07 per 1Ea","locations":{"VIC":{"price":2.05,"discountRate":21,"promo":"","orgPrice":2.5999999999999996}},"categoryIds":["c-back-to-school","c-household"],"similarProductIds":[]},{"id":"multix-greener-resealable-snack-bags","name":"Greener Resealable Snack Bags","brand":"Multix","imageUrls":["https://shop.coles.com.au/wcsstore/Coles-CAS/images/3/3/1/3312826.jpg"],"storeId":"coles","packageSize":"35 pack","cupPrice":"$0.06 per 1Ea","locations":{"VIC":{"price":2.05,"discountRate":21,"promo":"","orgPrice":2.5999999999999996}},"categoryIds":["c-back-to-school","c-household"],"similarProductIds":[]},{"id":"nutty-bruce-crunchy-almond-butter","name":"Crunchy Almond Butter","brand":"Nutty Bruce","imageUrls":["https://shop.coles.com.au/wcsstore/Coles-CAS/images/3/5/7/3579633.jpg"],"storeId":"coles","packageSize":"250g","cupPrice":"$2.78 per 100G","locations":{"VIC":{"price":6.95,"discountRate":22,"promo":"","orgPrice":8.95}},"categoryIds":["c-back-to-school","c-pantry"],"similarProductIds":[]},{"id":"nutty-bruce-smooth-almond-butter","name":"Smooth Almond Butter","brand":"Nutty Bruce","imageUrls":["https://shop.coles.com.au/wcsstore/Coles-CAS/images/3/5/7/3579622.jpg"],"storeId":"coles","packageSize":"250g","cupPrice":"$2.78 per 100G","locations":{"VIC":{"price":6.95,"discountRate":22,"promo":"","orgPrice":8.95}},"categoryIds":["c-back-to-school","c-pantry"],"similarProductIds":[]},{"id":"kraft-original-oreo-cookies-grab-go-pack","name":"Original Grab N Go Cookies","brand":"Oreo","imageUrls":["https://shop.coles.com.au/wcsstore/Coles-CAS/images/1/8/4/1843832.jpg"],"storeId":"coles","packageSize":"256g","cupPrice":"$1.17 per 100G","locations":{"VIC":{"price":3,"discountRate":24,"promo":"","orgPrice":3.95}},"categoryIds":["c-back-to-school","c-entertaining-at-home","c-pantry"],"similarProductIds":[]},{"id":"oreo-cream-biscuits-choc-split","name":"Creme Biscuits Choc Split","brand":"Oreo","imageUrls":["https://shop.coles.com.au/wcsstore/Coles-CAS/images/2/8/6/2869864.jpg"],"storeId":"coles","packageSize":"137g","cupPrice":"$1.13 per 100G","locations":{"VIC":{"price":1.5,"discountRate":25,"promo":"","orgPrice":2}},"categoryIds":["c-back-to-school","c-pantry"],"similarProductIds":[]},{"id":"superfood-kale-quinoa-brown-rice-penne-pasta","name":"Superfood Kale Quinoa Brown Rice Penne Pasta","brand":"Orgran","imageUrls":["https://shop.coles.com.au/wcsstore/Coles-CAS/images/3/4/1/3412220.jpg"],"storeId":"coles","packageSize":"250g","cupPrice":"$1.20 per 100G","locations":{"VIC":{"price":3,"discountRate":25,"promo":"","orgPrice":4}},"categoryIds":["c-back-to-school","c-pantry","c-healthy-living"],"similarProductIds":[]},{"id":"pecks-spread-chicken-ham","name":"Chicken & Ham Spread","brand":"Peck's","imageUrls":["https://shop.coles.com.au/wcsstore/Coles-CAS/images/1/3/0/130196.jpg"],"storeId":"coles","packageSize":"125g","cupPrice":"$2.24 per 100G","locations":{"VIC":{"price":2.8,"discountRate":29,"promo":"Any 2 $4","orgPrice":2.8}},"categoryIds":["c-back-to-school","c-pantry"],"similarProductIds":[]},{"id":"pecks-spread-devilled-ham","name":"Devilled Ham Spread","brand":"Peck's","imageUrls":["https://shop.coles.com.au/wcsstore/Coles-CAS/images/1/3/0/130185.jpg"],"storeId":"coles","packageSize":"125g","cupPrice":"$2.24 per 100G","locations":{"VIC":{"price":2.8,"discountRate":29,"promo":"Any 2 $4","orgPrice":2.8}},"categoryIds":["c-back-to-school","c-pantry"],"similarProductIds":[]},{"id":"podravka-chicken-spread","name":"Chicken Spread","brand":"Podravka","imageUrls":["https://shop.coles.com.au/wcsstore/Coles-CAS/images/8/5/5/8557730.jpg"],"storeId":"coles","packageSize":"100g","cupPrice":"$1.60 per 100G","locations":{"VIC":{"price":1.6,"discountRate":30,"promo":"","orgPrice":2.3}},"categoryIds":["c-back-to-school","c-pantry"],"similarProductIds":[]},{"id":"pop-tops-apple-blackcurrant-fruit-drink","name":"Apple Blackcurrant Fruit Drink Multipack 250mL","brand":"Pop Tops","imageUrls":["https://shop.coles.com.au/wcsstore/Coles-CAS/images/8/1/4/8147374.jpg"],"storeId":"coles","packageSize":"6 pack","cupPrice":"$0.73 per 1Ea","locations":{"VIC":{"price":4.4,"discountRate":20,"promo":"Any 2 $7","orgPrice":4.4}},"categoryIds":["c-back-to-school","c-drinks"],"similarProductIds":[]},{"id":"pop-tops-orange-fruit-drink","name":"Orange Fruit Drink Multipack 250mL","brand":"Pop Tops","imageUrls":["https://shop.coles.com.au/wcsstore/Coles-CAS/images/6/8/8/6882831.jpg"],"storeId":"coles","packageSize":"6 pack","cupPrice":"$0.73 per 1Ea","locations":{"VIC":{"price":4.4,"discountRate":20,"promo":"Any 2 $7","orgPrice":4.4}},"categoryIds":["c-back-to-school","c-drinks"],"similarProductIds":[]},{"id":"pop-tops-tropical-drink","name":"Tropical Fruit Drink Multipack 250mL","brand":"Pop Tops","imageUrls":["https://shop.coles.com.au/wcsstore/Coles-CAS/images/2/0/4/2044700.jpg"],"storeId":"coles","packageSize":"6 pack","cupPrice":"$0.73 per 1Ea","locations":{"VIC":{"price":4.4,"discountRate":20,"promo":"Any 2 $7","orgPrice":4.4}},"categoryIds":["c-back-to-school","c-drinks"],"similarProductIds":[]},{"id":"red-rock-deli-multipack-honey-soy-chicken-5pk","name":"Honey Soy Chicken 5pk","brand":"Red Rock Deli Multipack","imageUrls":["https://shop.coles.com.au/wcsstore/Coles-CAS/images/3/1/5/3152413.jpg"],"storeId":"coles","packageSize":"140g","cupPrice":"$3.32 per 100G","locations":{"VIC":{"price":4.65,"discountRate":25,"promo":"Any 2 $7","orgPrice":4.65}},"categoryIds":["c-back-to-school","c-pantry"],"similarProductIds":[]},{"id":"sanitarium-so-good-prebiotic-soy-milk","name":"So Good Prebiotic Soy Milk","brand":"Sanitarium","imageUrls":["https://shop.coles.com.au/wcsstore/Coles-CAS/images/3/4/7/3478137.jpg"],"storeId":"coles","packageSize":"1L","cupPrice":"$2.00 per 1L","locations":{"VIC":{"price":2,"discountRate":26,"promo":"","orgPrice":2.7}},"categoryIds":["c-back-to-school","c-drinks"],"similarProductIds":[]},{"id":"soren-5-malt-lunchbox-loaf","name":"5 Malt Lunchbox Loaf","brand":"Soreen","imageUrls":["https://shop.coles.com.au/wcsstore/Coles-CAS/images/3/7/3/3733493.jpg"],"storeId":"coles","packageSize":"150g","cupPrice":"$2.33 per 100G","locations":{"VIC":{"price":3.5,"discountRate":30,"promo":"","orgPrice":5}},"categoryIds":["c-back-to-school","c-bread--bakery"],"similarProductIds":[]},{"id":"soren-5-banana-lunchbox-loaf","name":"5 Banana Lunchbox Loaf","brand":"Soreen","imageUrls":["https://shop.coles.com.au/wcsstore/Coles-CAS/images/3/7/3/3733507.jpg"],"storeId":"coles","packageSize":"150g","cupPrice":"$2.33 per 100G","locations":{"VIC":{"price":3.5,"discountRate":30,"promo":"","orgPrice":5}},"categoryIds":["c-back-to-school","c-bread--bakery"],"similarProductIds":[]},{"id":"sunbites-snack-5-pack-crackers-cheddar-chive","name":"Cheddar & Chive Snack Crackers With Quinoa 5 Pack","brand":"Sunbites","imageUrls":["https://shop.coles.com.au/wcsstore/Coles-CAS/images/2/9/9/2992420.jpg"],"storeId":"coles","packageSize":"120g","cupPrice":"$2.92 per 100G","locations":{"VIC":{"price":3.5,"discountRate":43,"promo":"Any 2 $4","orgPrice":3.5}},"categoryIds":["c-back-to-school","c-pantry"],"similarProductIds":[]},{"id":"fav-va-nuts-lightly-salted","name":"Lightly Salted Crunchy Roasted Fav-Va Beans","brand":"The Happy Snack Company","imageUrls":["https://shop.coles.com.au/wcsstore/Coles-CAS/images/1/4/6/1469645.jpg"],"storeId":"coles","packageSize":"200g","cupPrice":"$2.13 per 100G","locations":{"VIC":{"price":4.25,"discountRate":21,"promo":"","orgPrice":5.35}},"categoryIds":["c-back-to-school","c-pantry","c-healthy-living"],"similarProductIds":[]},{"id":"happy-snacks-chic-peas-lightly-salted","name":"Lightly Salted Crunchy Roasted Chickpeas 6 Pack","brand":"The Happy Snack Company","imageUrls":["https://shop.coles.com.au/wcsstore/Coles-CAS/images/3/0/1/3015296.jpg"],"storeId":"coles","packageSize":"150g","cupPrice":"$2.80 per 100G","locations":{"VIC":{"price":4.2,"discountRate":21,"promo":"","orgPrice":5.300000000000001}},"categoryIds":["c-back-to-school","c-pantry","c-healthy-living"],"similarProductIds":[]},{"id":"happy-snack-favva-beans-salt-vinegar","name":"Roasted Favva Bean Salt & Vinegar","brand":"The Happy Snack Company","imageUrls":["https://shop.coles.com.au/wcsstore/Coles-CAS/images/3/0/1/3015274.jpg"],"storeId":"coles","packageSize":"150g","cupPrice":"$2.80 per 100G","locations":{"VIC":{"price":4.2,"discountRate":21,"promo":"","orgPrice":5.300000000000001}},"categoryIds":["c-back-to-school","c-pantry","c-healthy-living"],"similarProductIds":[]},{"id":"unibic-biscuits-anzac","name":"Anzac Biscuits","brand":"Unibic","imageUrls":["https://shop.coles.com.au/wcsstore/Coles-CAS/images/7/9/7/7977230.jpg"],"storeId":"coles","packageSize":"300g","cupPrice":"$0.78 per 100G","locations":{"VIC":{"price":2.35,"discountRate":22,"promo":"","orgPrice":3}},"categoryIds":["c-back-to-school","c-entertaining-at-home","c-pantry"],"similarProductIds":[]},{"id":"vege-deli-lentils-crips","name":"Deli Crisps Lentil Lightly Salted Chips","brand":"Vege","imageUrls":["https://shop.coles.com.au/wcsstore/Coles-CAS/images/2/4/9/2492198.jpg"],"storeId":"coles","packageSize":"100g","cupPrice":"$4.00 per 100G","locations":{"VIC":{"price":4,"discountRate":27,"promo":"","orgPrice":5.5}},"categoryIds":["c-back-to-school","c-entertaining-at-home","c-pantry","c-healthy-living"],"similarProductIds":[]},{"id":"vege-deli-tumeric-cheese-crisps","name":"Deli Crisps Turmeric & Cheese Chips","brand":"Vege","imageUrls":["https://shop.coles.com.au/wcsstore/Coles-CAS/images/2/4/9/2492212.jpg"],"storeId":"coles","packageSize":"100g","cupPrice":"$4.00 per 100G","locations":{"VIC":{"price":4,"discountRate":27,"promo":"","orgPrice":5.5}},"categoryIds":["c-back-to-school","c-pantry","c-healthy-living"],"similarProductIds":[]},{"id":"vege-deli-crisps-lentil-sriracha-gluten-free","name":"Deli Crisps Lentil Sriracha Chips","brand":"Vege","imageUrls":["https://shop.coles.com.au/wcsstore/Coles-CAS/images/3/1/2/3127711.jpg"],"storeId":"coles","packageSize":"100g","cupPrice":"$4.00 per 100G","locations":{"VIC":{"price":4,"discountRate":27,"promo":"","orgPrice":5.5}},"categoryIds":["c-back-to-school","c-pantry","c-healthy-living"],"similarProductIds":[]},{"id":"vegemite-portions","name":"Mini Portions 10 Pack","brand":"Vegemite","imageUrls":["https://shop.coles.com.au/wcsstore/Coles-CAS/images/3/1/6/3163442.jpg"],"storeId":"coles","packageSize":"96g","cupPrice":"$3.13 per 100G","locations":{"VIC":{"price":3,"discountRate":19,"promo":"","orgPrice":3.7}},"categoryIds":["c-back-to-school","c-pantry"],"similarProductIds":[]},{"id":"gravox-traditional-gravy-mix","name":"Traditional Gravy Mix","brand":"Gravox","imageUrls":["https://shop.coles.com.au/wcsstore/Coles-CAS/images/6/0/4/6048826.jpg"],"storeId":"coles","packageSize":"120g","cupPrice":"$0.28 per 10G","locations":{"VIC":{"price":3.3,"discountRate":24,"promo":"Any 2 $5","orgPrice":3.3}},"categoryIds":["c-winter","c-pantry"],"similarProductIds":[]},{"id":"continental-stock-powder-chicken","name":"Superb Chicken Stock Powder","brand":"Continental","imageUrls":["https://shop.coles.com.au/wcsstore/Coles-CAS/images/5/0/8/5086105.jpg"],"storeId":"coles","packageSize":"130g","cupPrice":"$0.18 per 10G","locations":{"VIC":{"price":2.4,"discountRate":16,"promo":"","orgPrice":2.85}},"categoryIds":["c-winter","c-pantry"],"similarProductIds":[]},{"id":"continental-stock-powder-instant-beef-salt-reduced","name":"Superb Salt Reduced Beef Stock Powder","brand":"Continental","imageUrls":["https://shop.coles.com.au/wcsstore/Coles-CAS/images/5/3/8/5382006.jpg"],"storeId":"coles","packageSize":"120g","cupPrice":"$0.20 per 10G","locations":{"VIC":{"price":2.4,"discountRate":16,"promo":"","orgPrice":2.85}},"categoryIds":["c-winter","c-pantry"],"similarProductIds":[]},{"id":"continental-instant-stock-powder-chicken-salt-reduced","name":"Superb Salt Reduced Chicken Stock Powder","brand":"Continental","imageUrls":["https://shop.coles.com.au/wcsstore/Coles-CAS/images/5/3/8/5387247.jpg"],"storeId":"coles","packageSize":"120g","cupPrice":"$0.20 per 10G","locations":{"VIC":{"price":2.4,"discountRate":0,"promo":"","orgPrice":2.4}},"categoryIds":["c-winter","c-pantry"],"similarProductIds":[]},{"id":"masterfoods-recipe-base-chicken-curry-mild","name":"Slow Cooker Mild Chicken Curry Recipe Base","brand":"MasterFoods","imageUrls":["https://shop.coles.com.au/wcsstore/Coles-CAS/images/8/1/5/8152534.jpg"],"storeId":"coles","packageSize":"175g","cupPrice":"$1.26 per 100G","locations":{"VIC":{"price":2.2,"discountRate":9,"promo":"Any 3 $6","orgPrice":2.2}},"categoryIds":["c-winter","c-pantry"],"similarProductIds":[]},{"id":"masterfoods-recipe-base-beef-red-wine","name":"Slow Cooker Beef & Red Wine Casserole Recipe Base","brand":"MasterFoods","imageUrls":["https://shop.coles.com.au/wcsstore/Coles-CAS/images/6/8/5/6856092.jpg"],"storeId":"coles","packageSize":"175g","cupPrice":"$1.26 per 100G","locations":{"VIC":{"price":2.2,"discountRate":9,"promo":"Any 3 $6","orgPrice":2.2}},"categoryIds":["c-winter","c-pantry"],"similarProductIds":[]},{"id":"panadol-cold-flu-plus-decongestant","name":"Paracetamol Cold + Flu Plus Decongestant Caplets","brand":"Panadol","imageUrls":["https://shop.coles.com.au/wcsstore/Coles-CAS/images/6/9/3/6935778.jpg"],"storeId":"coles","packageSize":"20 pack","cupPrice":"$0.50 per 1Ea","locations":{"VIC":{"price":10,"discountRate":23,"promo":"","orgPrice":13}},"categoryIds":["c-winter","c-health--beauty"],"similarProductIds":[]},{"id":"blackmores-bio-zinc-tablets","name":"Bio Zinc 84 Tablets","brand":"Blackmores","imageUrls":["https://shop.coles.com.au/wcsstore/Coles-CAS/images/8/2/9/8296705.jpg"],"storeId":"coles","packageSize":"1 pack","cupPrice":"$14.88 per 1Ea","locations":{"VIC":{"price":14.88,"discountRate":20,"promo":"","orgPrice":18.6}},"categoryIds":["c-winter","c-healthy-living","c-health--beauty"],"similarProductIds":[]},{"id":"head-shoulders-anti-dandruff-clean-balanced-shampoo","name":"Clean & Balanced Anti-Dandruff Shampoo","brand":"Head & Shoulders","imageUrls":["https://shop.coles.com.au/wcsstore/Coles-CAS/images/9/0/1/9015390.jpg"],"storeId":"coles","packageSize":"400mL","cupPrice":"$1.88 per 100mL","locations":{"VIC":{"price":7.5,"discountRate":32,"promo":"","orgPrice":11}},"categoryIds":["c-winter","c-health--beauty"],"similarProductIds":[]},{"id":"head-shoulders-anti-dandruff-dry-scalp-care-shampoo-9269898p","name":"Anti-Dandruff Dry Scalp Care Shampoo","brand":"Head & Shoulders","imageUrls":["https://shop.coles.com.au/wcsstore/Coles-CAS/images/9/2/6/9269898.jpg"],"storeId":"coles","packageSize":"400mL","cupPrice":"$1.88 per 100mL","locations":{"VIC":{"price":7.5,"discountRate":32,"promo":"","orgPrice":11}},"categoryIds":["c-winter","c-health--beauty"],"similarProductIds":[]},{"id":"codral-relief-tablets-cold-flu--decogestant","name":"Relief Cold & Flu Decongestant Tablets","brand":"Codral","imageUrls":["https://shop.coles.com.au/wcsstore/Coles-CAS/images/9/0/1/9013737.jpg"],"storeId":"coles","packageSize":"20 pack","cupPrice":"$0.57 per 1Ea","locations":{"VIC":{"price":11.44,"discountRate":20,"promo":"","orgPrice":14.299999999999999}},"categoryIds":["c-winter","c-health--beauty"],"similarProductIds":[]},{"id":"campbells-real-stock-chicken","name":"Real Chicken Stock","brand":"Campbell's","imageUrls":["https://shop.coles.com.au/wcsstore/Coles-CAS/images/8/1/5/8157935.jpg"],"storeId":"coles","packageSize":"1L","cupPrice":"$0.30 per 100mL","locations":{"VIC":{"price":3,"discountRate":25,"promo":"","orgPrice":4}},"categoryIds":["c-winter","c-pantry"],"similarProductIds":[]},{"id":"campbells-stock-real-chicken-salt-reduced-8837306p","name":"Real Salt Reduced Chicken Stock","brand":"Campbell's","imageUrls":["https://shop.coles.com.au/wcsstore/Coles-CAS/images/8/8/3/8837306.jpg"],"storeId":"coles","packageSize":"1L","cupPrice":"$3.00 per 1L","locations":{"VIC":{"price":3,"discountRate":25,"promo":"","orgPrice":4}},"categoryIds":["c-winter","c-pantry"],"similarProductIds":[]},{"id":"campbells-real-stock-beef","name":"Real Beef Stock","brand":"Campbell's","imageUrls":["https://shop.coles.com.au/wcsstore/Coles-CAS/images/8/0/5/8055800.jpg"],"storeId":"coles","packageSize":"1L","cupPrice":"$0.30 per 100mL","locations":{"VIC":{"price":3,"discountRate":25,"promo":"","orgPrice":4}},"categoryIds":["c-winter","c-pantry"],"similarProductIds":[]},{"id":"campbells-real-stock-vegetable","name":"Real Vegetable Stock","brand":"Campbell's","imageUrls":["https://shop.coles.com.au/wcsstore/Coles-CAS/images/8/0/5/8053838.jpg"],"storeId":"coles","packageSize":"1L","cupPrice":"$0.30 per 100mL","locations":{"VIC":{"price":3,"discountRate":25,"promo":"","orgPrice":4}},"categoryIds":["c-winter","c-pantry"],"similarProductIds":[]},{"id":"campbells-stock-real-vegetable-salt-reduced","name":"Real Salt Reduced Vegetable Stock","brand":"Campbell's","imageUrls":["https://shop.coles.com.au/wcsstore/Coles-CAS/images/9/2/0/9209229.jpg"],"storeId":"coles","packageSize":"1L","cupPrice":"$0.30 per 100mL","locations":{"VIC":{"price":3,"discountRate":25,"promo":"","orgPrice":4}},"categoryIds":["c-winter","c-pantry"],"similarProductIds":[]},{"id":"campbells-chunky-soup-beef","name":"Chunky Beef Soup Can","brand":"Campbell's","imageUrls":["https://shop.coles.com.au/wcsstore/Coles-CAS/images/4/9/1/4915339.jpg"],"storeId":"coles","packageSize":"505g","cupPrice":"$0.69 per 100G","locations":{"VIC":{"price":3.5,"discountRate":43,"promo":"Any 2 $4","orgPrice":3.5}},"categoryIds":["c-winter","c-pantry"],"similarProductIds":[]},{"id":"campbells-country-ladle-soup-chicken-sweet-corn","name":"Country Ladle Chicken Sweet Corn Soup Can","brand":"Campbell's","imageUrls":["https://shop.coles.com.au/wcsstore/Coles-CAS/images/4/8/8/4887131.jpg"],"storeId":"coles","packageSize":"505g","cupPrice":"$0.69 per 100G","locations":{"VIC":{"price":3.5,"discountRate":43,"promo":"Any 2 $4","orgPrice":3.5}},"categoryIds":["c-winter","c-pantry"],"similarProductIds":[]},{"id":"campbells-stock-real-beef-salt-reduced","name":"Real Salt Reduced Beef  Stock","brand":"Campbell's","imageUrls":["https://shop.coles.com.au/wcsstore/Coles-CAS/images/9/2/0/9209230.jpg"],"storeId":"coles","packageSize":"1L","cupPrice":"$0.30 per 100mL","locations":{"VIC":{"price":3,"discountRate":25,"promo":"","orgPrice":4}},"categoryIds":["c-winter","c-pantry"],"similarProductIds":[]},{"id":"mckenzies-barley-pearl","name":"Barley Pearl","brand":"McKenzie's","imageUrls":["https://shop.coles.com.au/wcsstore/Coles-CAS/images/1/3/0/130039.jpg"],"storeId":"coles","packageSize":"500g","cupPrice":"$0.27 per 100G","locations":{"VIC":{"price":1.35,"discountRate":21,"promo":"","orgPrice":1.7000000000000002}},"categoryIds":["c-winter","c-pantry"],"similarProductIds":[]},{"id":"campbells-country-ladle-soup-traditional-minestrone","name":"Country Ladle Traditional Minestrone Soup Can","brand":"Campbell's","imageUrls":["https://shop.coles.com.au/wcsstore/Coles-CAS/images/7/1/6/7166090.jpg"],"storeId":"coles","packageSize":"495g","cupPrice":"$0.71 per 100G","locations":{"VIC":{"price":3.5,"discountRate":43,"promo":"Any 2 $4","orgPrice":3.5}},"categoryIds":["c-winter","c-pantry"],"similarProductIds":[]},{"id":"campbells-country-ladle-soup-creamy-chicken","name":"Country Ladle Creamy Chicken Soup Can","brand":"Campbell's","imageUrls":["https://shop.coles.com.au/wcsstore/Coles-CAS/images/9/6/8/9680312.jpg"],"storeId":"coles","packageSize":"500g","cupPrice":"$0.70 per 100G","locations":{"VIC":{"price":3.5,"discountRate":43,"promo":"Any 2 $4","orgPrice":3.5}},"categoryIds":["c-winter","c-pantry"],"similarProductIds":[]},{"id":"campbells-country-ladle-soup-butternut-pumpkin","name":"Country Ladle Butternut Pumpkin Soup Can","brand":"Campbell's","imageUrls":["https://shop.coles.com.au/wcsstore/Coles-CAS/images/7/1/6/7165858.jpg"],"storeId":"coles","packageSize":"505g","cupPrice":"$0.69 per 100G","locations":{"VIC":{"price":3.5,"discountRate":43,"promo":"Any 2 $4","orgPrice":3.5}},"categoryIds":["c-winter","c-pantry"],"similarProductIds":[]},{"id":"campbells-condensed-soup-cream-of-mushroom","name":"Cream of Mushroom Condensed Soup Can","brand":"Campbell's","imageUrls":["https://shop.coles.com.au/wcsstore/Coles-CAS/images/1/2/8/128966.jpg"],"storeId":"coles","packageSize":"420g","cupPrice":"$0.24 per 100G","locations":{"VIC":{"price":1,"discountRate":44,"promo":"","orgPrice":1.8}},"categoryIds":["c-winter","c-pantry"],"similarProductIds":[]},{"id":"campbells-chunky-soup-peppered-steak-potato","name":"Chunky Peppered Steak & Potato Beef Soup","brand":"Campbell's","imageUrls":["https://shop.coles.com.au/wcsstore/Coles-CAS/images/3/4/1/3414270.jpg"],"storeId":"coles","packageSize":"505g","cupPrice":"$0.69 per 100G","locations":{"VIC":{"price":3.5,"discountRate":43,"promo":"Any 2 $4","orgPrice":3.5}},"categoryIds":["c-winter","c-pantry"],"similarProductIds":[]},{"id":"heinz-condensed-big-red-tomato-soup","name":"Big Red Tomato Soup Can","brand":"Heinz","imageUrls":["https://shop.coles.com.au/wcsstore/Coles-CAS/images/1/2/8/128503.jpg"],"storeId":"coles","packageSize":"420g","cupPrice":"$0.26 per 100G","locations":{"VIC":{"price":1.1,"discountRate":50,"promo":"","orgPrice":2.2}},"categoryIds":["c-winter","c-pantry"],"similarProductIds":[]},{"id":"campbells-country-ladle-soup-pumpkin-rich-creamy","name":"Country Ladle Rich & Creamy Pumpkin Soup Can","brand":"Campbell's","imageUrls":["https://shop.coles.com.au/wcsstore/Coles-CAS/images/8/0/2/8027055.jpg"],"storeId":"coles","packageSize":"500g","cupPrice":"$0.70 per 100G","locations":{"VIC":{"price":3.5,"discountRate":43,"promo":"Any 2 $4","orgPrice":3.5}},"categoryIds":["c-winter","c-pantry"],"similarProductIds":[]},{"id":"campbells-country-ladle-garden-vegetable-soup","name":"Country Ladle Garden Vegetable Soup Can","brand":"Campbell's","imageUrls":["https://shop.coles.com.au/wcsstore/Coles-CAS/images/6/8/1/6815812.jpg"],"storeId":"coles","packageSize":"500g","cupPrice":"$0.70 per 100G","locations":{"VIC":{"price":3.5,"discountRate":43,"promo":"Any 2 $4","orgPrice":3.5}},"categoryIds":["c-winter","c-pantry"],"similarProductIds":[]},{"id":"campbells-chunky-soup-stockpot","name":"Chunky Soup Stockpot","brand":"Campbell's","imageUrls":["https://shop.coles.com.au/wcsstore/Coles-CAS/images/4/9/1/4915372.jpg"],"storeId":"coles","packageSize":"505g","cupPrice":"$0.69 per 100G","locations":{"VIC":{"price":3.5,"discountRate":43,"promo":"Any 2 $4","orgPrice":3.5}},"categoryIds":["c-winter","c-pantry"],"similarProductIds":[]},{"id":"campbells-condensed-soup-tomato","name":"Tomato Soup Can","brand":"Campbell's","imageUrls":["https://shop.coles.com.au/wcsstore/Coles-CAS/images/1/2/8/128911.jpg"],"storeId":"coles","packageSize":"420g","cupPrice":"$0.24 per 100G","locations":{"VIC":{"price":1,"discountRate":44,"promo":"","orgPrice":1.8}},"categoryIds":["c-winter","c-pantry"],"similarProductIds":[]},{"id":"la-zuppa-soup-pouches-roasted-pumpkin","name":"Roasted Pumpkin Soup Pouch","brand":"La Zuppa","imageUrls":["https://shop.coles.com.au/wcsstore/Coles-CAS/images/1/1/6/1163328.jpg"],"storeId":"coles","packageSize":"540g","cupPrice":"$0.65 per 100G","locations":{"VIC":{"price":3.5,"discountRate":20,"promo":"","orgPrice":4.4}},"categoryIds":["c-winter","c-pantry"],"similarProductIds":[]},{"id":"massel-bullion-chicken-stock-cubes-7-pack","name":"7 Bouillon Cubes Chicken Style","brand":"Massel","imageUrls":["https://shop.coles.com.au/wcsstore/Coles-CAS/images/1/8/1/1814153.jpg"],"storeId":"coles","packageSize":"35g","cupPrice":"$0.21 per 10G","locations":{"VIC":{"price":0.75,"discountRate":25,"promo":"","orgPrice":1}},"categoryIds":["c-winter","c-pantry"],"similarProductIds":[]},{"id":"campbells-country-ladle-soup-farmhouse-vegetable","name":"Country Ladle Farmhouse Vegetable Soup Can","brand":"Campbell's","imageUrls":["https://shop.coles.com.au/wcsstore/Coles-CAS/images/7/1/6/7165971.jpg"],"storeId":"coles","packageSize":"495g","cupPrice":"$0.71 per 100G","locations":{"VIC":{"price":3.5,"discountRate":43,"promo":"Any 2 $4","orgPrice":3.5}},"categoryIds":["c-winter","c-pantry"],"similarProductIds":[]},{"id":"campbells-chunky-soup-potato-bacon","name":"Chunky Soup Potato Bacon","brand":"Campbell's","imageUrls":["https://shop.coles.com.au/wcsstore/Coles-CAS/images/4/9/1/4915361.jpg"],"storeId":"coles","packageSize":"505g","cupPrice":"$0.69 per 100G","locations":{"VIC":{"price":3.5,"discountRate":43,"promo":"Any 2 $4","orgPrice":3.5}},"categoryIds":["c-winter","c-pantry"],"similarProductIds":[]},{"id":"campbells-chunky-soup-hearty-irish-stew","name":"Chunky Soup Irish Stew Style","brand":"Campbell's","imageUrls":["https://shop.coles.com.au/wcsstore/Coles-CAS/images/4/9/0/4905947.jpg"],"storeId":"coles","packageSize":"505g","cupPrice":"$0.69 per 100G","locations":{"VIC":{"price":3.5,"discountRate":43,"promo":"Any 2 $4","orgPrice":3.5}},"categoryIds":["c-winter","c-pantry"],"similarProductIds":[]},{"id":"campbells-condensed-soup-cream-of-asparagus","name":"Cream of Asparagus Condensed Soup Can","brand":"Campbell's","imageUrls":["https://shop.coles.com.au/wcsstore/Coles-CAS/images/1/2/9/129062.jpg"],"storeId":"coles","packageSize":"420g","cupPrice":"$0.24 per 100G","locations":{"VIC":{"price":1,"discountRate":44,"promo":"","orgPrice":1.8}},"categoryIds":["c-winter","c-pantry"],"similarProductIds":[]},{"id":"campbells-condensed-soup-cream-of-chicken","name":"Cream of Chicken Condensed Soup Can","brand":"Campbell's","imageUrls":["https://shop.coles.com.au/wcsstore/Coles-CAS/images/1/2/8/128999.jpg"],"storeId":"coles","packageSize":"420g","cupPrice":"$0.24 per 100G","locations":{"VIC":{"price":1,"discountRate":44,"promo":"","orgPrice":1.8}},"categoryIds":["c-winter","c-pantry"],"similarProductIds":[]},{"id":"gravox-brown-onion-gravy-mix","name":"Brown Onion Gravy Mix","brand":"Gravox","imageUrls":["https://shop.coles.com.au/wcsstore/Coles-CAS/images/6/0/4/6046864.jpg"],"storeId":"coles","packageSize":"120g","cupPrice":"$0.28 per 10G","locations":{"VIC":{"price":3.3,"discountRate":24,"promo":"Any 2 $5","orgPrice":3.3}},"categoryIds":["c-winter","c-pantry"],"similarProductIds":[]},{"id":"gravox-gravy-mix-traditional","name":"Traditional Gravy Mix","brand":"Gravox","imageUrls":["https://shop.coles.com.au/wcsstore/Coles-CAS/images/1/2/1/121151.jpg"],"storeId":"coles","packageSize":"425g","cupPrice":"$0.09 per 10G","locations":{"VIC":{"price":4,"discountRate":11,"promo":"","orgPrice":4.5}},"categoryIds":["c-winter","c-pantry"],"similarProductIds":[]},{"id":"massel-bullion-beef-stock-cubes-7-pack","name":"7 Bouillon Cubes Beef Style","brand":"Massel","imageUrls":["https://shop.coles.com.au/wcsstore/Coles-CAS/images/1/8/1/1814142.jpg"],"storeId":"coles","packageSize":"35g","cupPrice":"$0.21 per 10G","locations":{"VIC":{"price":0.75,"discountRate":25,"promo":"","orgPrice":1}},"categoryIds":["c-winter","c-pantry"],"similarProductIds":[]},{"id":"mckenzies-split-peas-green","name":"Split Green Peas","brand":"McKenzie's","imageUrls":["https://shop.coles.com.au/wcsstore/Coles-CAS/images/3/5/3/353521.jpg"],"storeId":"coles","packageSize":"500g","cupPrice":"$0.27 per 100G","locations":{"VIC":{"price":1.35,"discountRate":21,"promo":"","orgPrice":1.7000000000000002}},"categoryIds":["c-winter","c-pantry"],"similarProductIds":[]},{"id":"mckenzies-split-peas-yellow","name":"Split Yellow Peas","brand":"McKenzie's","imageUrls":["https://shop.coles.com.au/wcsstore/Coles-CAS/images/1/3/0/130017.jpg"],"storeId":"coles","packageSize":"500g","cupPrice":"$0.27 per 100G","locations":{"VIC":{"price":1.35,"discountRate":21,"promo":"","orgPrice":1.7000000000000002}},"categoryIds":["c-winter","c-pantry"],"similarProductIds":[]},{"id":"mckenzies-soup-mix-130028p","name":"Soup Mix","brand":"McKenzie's","imageUrls":["https://shop.coles.com.au/wcsstore/Coles-CAS/images/1/3/0/130028.jpg"],"storeId":"coles","packageSize":"500g","cupPrice":"$0.27 per 100G","locations":{"VIC":{"price":1.35,"discountRate":21,"promo":"","orgPrice":1.7000000000000002}},"categoryIds":["c-winter","c-pantry"],"similarProductIds":[]},{"id":"campbells-country-ladle-soup-chicken-noodle","name":"Country Ladle Chicken Noodle Soup Can","brand":"Campbell's","imageUrls":["https://shop.coles.com.au/wcsstore/Coles-CAS/images/8/0/2/8027044.jpg"],"storeId":"coles","packageSize":"500g","cupPrice":"$0.70 per 100G","locations":{"VIC":{"price":3.5,"discountRate":43,"promo":"Any 2 $4","orgPrice":3.5}},"categoryIds":["c-winter","c-pantry"],"similarProductIds":[]},{"id":"campbells-chunky-soup-chicken-roast-vegetable","name":"Chunky Chicken Roast Vegetable Soup Can","brand":"Campbell's","imageUrls":["https://shop.coles.com.au/wcsstore/Coles-CAS/images/4/9/1/4915350.jpg"],"storeId":"coles","packageSize":"505g","cupPrice":"$0.69 per 100G","locations":{"VIC":{"price":3.5,"discountRate":43,"promo":"Any 2 $4","orgPrice":3.5}},"categoryIds":["c-winter","c-pantry"],"similarProductIds":[]},{"id":"gravox-roast-meat-gravy-mix","name":"Roast Meat Gravy Mix","brand":"Gravox","imageUrls":["https://shop.coles.com.au/wcsstore/Coles-CAS/images/6/0/4/6048815.jpg"],"storeId":"coles","packageSize":"120g","cupPrice":"$0.28 per 10G","locations":{"VIC":{"price":3.3,"discountRate":24,"promo":"Any 2 $5","orgPrice":3.3}},"categoryIds":["c-winter","c-pantry"],"similarProductIds":[]},{"id":"heinz-condensed-soup-big-red-tomato-salt-reduced","name":"Big Red Tomato Soup Can Salt Reduced","brand":"Heinz","imageUrls":["https://shop.coles.com.au/wcsstore/Coles-CAS/images/4/6/0/460441.jpg"],"storeId":"coles","packageSize":"420g","cupPrice":"$0.26 per 100G","locations":{"VIC":{"price":1.1,"discountRate":50,"promo":"","orgPrice":2.2}},"categoryIds":["c-winter","c-pantry"],"similarProductIds":[]},{"id":"nivea-soft-intensive-moisturising-creme","name":"Soft Cream Lotion Moisturiser  + Jojoba Oil & Vitamin E","brand":"Nivea","imageUrls":["https://shop.coles.com.au/wcsstore/Coles-CAS/images/6/0/8/6086596.jpg"],"storeId":"coles","packageSize":"200mL","cupPrice":"$2.50 per 100mL","locations":{"VIC":{"price":5,"discountRate":50,"promo":"","orgPrice":10}},"categoryIds":["c-winter","c-health--beauty"],"similarProductIds":[]},{"id":"podravka-vegeta-stock-powder-gourmet","name":"Gluten Free Real Gourmet Stock Powder Canned","brand":"Vegeta","imageUrls":["https://shop.coles.com.au/wcsstore/Coles-CAS/images/1/3/4/134110.jpg"],"storeId":"coles","packageSize":"250g","cupPrice":"$1.00 per 100G","locations":{"VIC":{"price":2.5,"discountRate":32,"promo":"","orgPrice":3.7}},"categoryIds":["c-winter","c-pantry"],"similarProductIds":[]},{"id":"well-yes-hearty-lentil-vegetable-soup","name":"Hearty Lentil With Vegetable Soup","brand":"Well Yes","imageUrls":["https://shop.coles.com.au/wcsstore/Coles-CAS/images/3/4/1/3414167.jpg"],"storeId":"coles","packageSize":"463g","cupPrice":"$0.76 per 100G","locations":{"VIC":{"price":3.5,"discountRate":43,"promo":"Any 2 $4","orgPrice":3.5}},"categoryIds":["c-winter","c-pantry"],"similarProductIds":[]},{"id":"amys-kitchen-organic-tomato-soup-canned","name":"Organic Tomato Soup Canned","brand":"Amy's Kitchen","imageUrls":["https://shop.coles.com.au/wcsstore/Coles-CAS/images/2/3/0/2303411.jpg"],"storeId":"coles","packageSize":"411g","cupPrice":"$0.73 per 100G","locations":{"VIC":{"price":3,"discountRate":0,"promo":"","orgPrice":3}},"categoryIds":["c-winter","c-pantry"],"similarProductIds":[]},{"id":"campbells-condensed-soup-cream-of-chicken-corn","name":"Cream of Chicken & Corn Condensed Soup Can","brand":"Campbell's","imageUrls":["https://shop.coles.com.au/wcsstore/Coles-CAS/images/2/9/8/298263.jpg"],"storeId":"coles","packageSize":"420g","cupPrice":"$0.24 per 100G","locations":{"VIC":{"price":1,"discountRate":44,"promo":"","orgPrice":1.8}},"categoryIds":["c-winter","c-pantry"],"similarProductIds":[]},{"id":"well-yes-minestrone-with-kale-soup","name":"Well Yes Minestrone With Kale Soup","brand":"Campbell's","imageUrls":["https://shop.coles.com.au/wcsstore/Coles-CAS/images/3/4/1/3414190.jpg"],"storeId":"coles","packageSize":"458g","cupPrice":"$0.76 per 100G","locations":{"VIC":{"price":3.5,"discountRate":43,"promo":"Any 2 $4","orgPrice":3.5}},"categoryIds":["c-winter","c-pantry"],"similarProductIds":[]},{"id":"campbells-chunky-soup-beef-stroganoff","name":"Chunky Beef Stroganoff Soup","brand":"Campbell's","imageUrls":["https://shop.coles.com.au/wcsstore/Coles-CAS/images/3/4/1/3414305.jpg"],"storeId":"coles","packageSize":"505g","cupPrice":"$0.69 per 100G","locations":{"VIC":{"price":3.5,"discountRate":43,"promo":"Any 2 $4","orgPrice":3.5}},"categoryIds":["c-winter","c-pantry"],"similarProductIds":[]},{"id":"continental-sensations-2s-soup-chesy-broc-potato","name":"Cheesy Broccoli & Potato Soup","brand":"Continental Sensation","imageUrls":["https://shop.coles.com.au/wcsstore/Coles-CAS/images/3/7/1/3716224.jpg"],"storeId":"coles","packageSize":"56g","cupPrice":"$3.57 per 100G","locations":{"VIC":{"price":2,"discountRate":20,"promo":"","orgPrice":2.5}},"categoryIds":["c-winter","c-pantry"],"similarProductIds":[]},{"id":"continental-sensations-2s-soup-vne-tom-ricotta","name":"Vine Ripened Tomato & Ricotta Soup","brand":"Continental Sensation","imageUrls":["https://shop.coles.com.au/wcsstore/Coles-CAS/images/3/7/1/3716188.jpg"],"storeId":"coles","packageSize":"54g","cupPrice":"$3.70 per 100G","locations":{"VIC":{"price":2,"discountRate":20,"promo":"","orgPrice":2.5}},"categoryIds":["c-winter","c-pantry"],"similarProductIds":[]},{"id":"garnier-miracle-skin-perfector-cream-medium","name":"BB Cream Medium For Normal Skin","brand":"Garnier","imageUrls":["https://shop.coles.com.au/wcsstore/Coles-CAS/images/8/5/7/8573066.jpg"],"storeId":"coles","packageSize":"50mL","cupPrice":"$18.80 per 100mL","locations":{"VIC":{"price":9.4,"discountRate":40,"promo":"","orgPrice":15.7}},"categoryIds":["c-winter","c-health--beauty"],"similarProductIds":[]},{"id":"garnier-bb-cream-sheer","name":"BB Cream Nude Effect Universal Shade","brand":"Garnier","imageUrls":["https://shop.coles.com.au/wcsstore/Coles-CAS/images/2/8/5/2859510.jpg"],"storeId":"coles","packageSize":"50mL","cupPrice":"$17.80 per 100mL","locations":{"VIC":{"price":8.9,"discountRate":40,"promo":"","orgPrice":14.9}},"categoryIds":["c-winter","c-health--beauty"],"similarProductIds":[]},{"id":"gravox-traditional-liquid-gravy","name":"Traditional Liquid Gravy","brand":"Gravox","imageUrls":["https://shop.coles.com.au/wcsstore/Coles-CAS/images/6/8/4/6842837.jpg"],"storeId":"coles","packageSize":"250g","cupPrice":"$1.00 per 100G","locations":{"VIC":{"price":2.5,"discountRate":17,"promo":"","orgPrice":3}},"categoryIds":["c-winter","c-pantry"],"similarProductIds":[]},{"id":"gravox-pepper-sauce","name":"Pepper Finishing Sauce Mix","brand":"Gravox","imageUrls":["https://shop.coles.com.au/wcsstore/Coles-CAS/images/6/0/4/6046638.jpg"],"storeId":"coles","packageSize":"120g","cupPrice":"$0.28 per 10G","locations":{"VIC":{"price":3.3,"discountRate":24,"promo":"Any 2 $5","orgPrice":3.3}},"categoryIds":["c-winter","c-pantry"],"similarProductIds":[]},{"id":"gravox-roast-meat-supreme-gravy-mix","name":"Roast Meat Supreme Gravy Mix","brand":"Gravox","imageUrls":["https://shop.coles.com.au/wcsstore/Coles-CAS/images/5/3/8/5387316.jpg"],"storeId":"coles","packageSize":"29g","cupPrice":"$0.31 per 10G","locations":{"VIC":{"price":0.9,"discountRate":10,"promo":"","orgPrice":1}},"categoryIds":["c-winter","c-pantry"],"similarProductIds":[]},{"id":"gravox-saucery-cheese-sauce-mix","name":"Saucery Cheese Sauce Mix","brand":"Gravox","imageUrls":["https://shop.coles.com.au/wcsstore/Coles-CAS/images/5/0/8/5084030.jpg"],"storeId":"coles","packageSize":"29g","cupPrice":"$0.31 per 10G","locations":{"VIC":{"price":0.9,"discountRate":10,"promo":"","orgPrice":1}},"categoryIds":["c-winter","c-pantry"],"similarProductIds":[]},{"id":"gravox-gravy-mix-supreme","name":"Supreme Gravy Mix","brand":"Gravox","imageUrls":["https://shop.coles.com.au/wcsstore/Coles-CAS/images/1/2/1/121173.jpg"],"storeId":"coles","packageSize":"425g","cupPrice":"$0.09 per 10G","locations":{"VIC":{"price":4,"discountRate":11,"promo":"","orgPrice":4.5}},"categoryIds":["c-winter","c-pantry"],"similarProductIds":[]},{"id":"gravox-pepper-steak-finishing-sauce","name":"Pepper Steak Finishing Sauce","brand":"Gravox","imageUrls":["https://shop.coles.com.au/wcsstore/Coles-CAS/images/3/4/3/3433570.jpg"],"storeId":"coles","packageSize":"250g","cupPrice":"$1.00 per 100G","locations":{"VIC":{"price":2.5,"discountRate":17,"promo":"","orgPrice":3}},"categoryIds":["c-winter","c-pantry"],"similarProductIds":[]},{"id":"la-zuppa-soup-pouches-chicken-tuscan-veg-rice","name":"Tuscan Chicken & Vegetables With Rice Soup Pouch","brand":"La Zuppa","imageUrls":["https://shop.coles.com.au/wcsstore/Coles-CAS/images/1/1/6/1163317.jpg"],"storeId":"coles","packageSize":"540g","cupPrice":"$0.65 per 100G","locations":{"VIC":{"price":3.5,"discountRate":20,"promo":"","orgPrice":4.4}},"categoryIds":["c-winter","c-pantry"],"similarProductIds":[]},{"id":"bosistos-drops-eucalyptus","name":"Sugar Free Eucalyptus Drops","brand":"Bosisto's","imageUrls":["https://shop.coles.com.au/wcsstore/Coles-CAS/images/7/1/8/7187442.jpg"],"storeId":"coles","packageSize":"50g","cupPrice":"$5.28 per 100G","locations":{"VIC":{"price":2.64,"discountRate":20,"promo":"","orgPrice":3.3000000000000003}},"categoryIds":["c-winter","c-health--beauty"],"similarProductIds":[]},{"id":"bosistos-desert-lime-eucalyptus-3519438p","name":"Desert Lime & Eucalyptus Revitalising Hand Wash","brand":"Bosisto's","imageUrls":["https://shop.coles.com.au/wcsstore/Coles-CAS/images/3/5/1/3519438.jpg"],"storeId":"coles","packageSize":"300mL","cupPrice":"$1.50 per 100mL","locations":{"VIC":{"price":4.5,"discountRate":25,"promo":"","orgPrice":6}},"categoryIds":["c-winter","c-health--beauty"],"similarProductIds":[]},{"id":"campbells-chunky-soup-pea-ham","name":"Chunky Pea & Ham Soup Can","brand":"Campbell's","imageUrls":["https://shop.coles.com.au/wcsstore/Coles-CAS/images/4/9/0/4905448.jpg"],"storeId":"coles","packageSize":"505g","cupPrice":"$0.69 per 100G","locations":{"VIC":{"price":3.5,"discountRate":43,"promo":"Any 2 $4","orgPrice":3.5}},"categoryIds":["c-winter","c-pantry"],"similarProductIds":[]},{"id":"campbells-real-stock-thai","name":"Real Stock Thai Base Soup","brand":"Campbell's","imageUrls":["https://shop.coles.com.au/wcsstore/Coles-CAS/images/3/4/3/3434255.jpg"],"storeId":"coles","packageSize":"1L","cupPrice":"$3.00 per 1L","locations":{"VIC":{"price":3,"discountRate":25,"promo":"","orgPrice":4}},"categoryIds":["c-winter","c-pantry"],"similarProductIds":[]},{"id":"continental-sensations-2s-soup-gdn-cauli-4-chese","name":"Garden Cauliflower & 4 Cheese Soup","brand":"Continental Sensation","imageUrls":["https://shop.coles.com.au/wcsstore/Coles-CAS/images/3/7/1/3716199.jpg"],"storeId":"coles","packageSize":"62g","cupPrice":"$3.23 per 100G","locations":{"VIC":{"price":2,"discountRate":20,"promo":"","orgPrice":2.5}},"categoryIds":["c-winter","c-pantry"],"similarProductIds":[]},{"id":"continental-sensations-2s-soup-har-pumpkin-sour-cfm","name":"Harvest Pumpkin & Sour Cream Soup","brand":"Continental Sensation","imageUrls":["https://shop.coles.com.au/wcsstore/Coles-CAS/images/3/7/1/3716213.jpg"],"storeId":"coles","packageSize":"70g","cupPrice":"$2.86 per 100G","locations":{"VIC":{"price":2,"discountRate":20,"promo":"","orgPrice":2.5}},"categoryIds":["c-winter","c-pantry"],"similarProductIds":[]},{"id":"continental-sensations-2s-soup-thai-pumpkin-coco","name":"Thai Pumpkin Coconut Soup","brand":"Continental Sensation","imageUrls":["https://shop.coles.com.au/wcsstore/Coles-CAS/images/3/7/1/3716166.jpg"],"storeId":"coles","packageSize":"62g","cupPrice":"$3.23 per 100G","locations":{"VIC":{"price":2,"discountRate":20,"promo":"","orgPrice":2.5}},"categoryIds":["c-winter","c-pantry"],"similarProductIds":[]},{"id":"continental-sensations-2s-soup-mushrom-bacon","name":"Mushroom Bacon Soup","brand":"Continental Sensation","imageUrls":["https://shop.coles.com.au/wcsstore/Coles-CAS/images/3/7/1/3716155.jpg"],"storeId":"coles","packageSize":"48g","cupPrice":"$4.17 per 100G","locations":{"VIC":{"price":2,"discountRate":20,"promo":"","orgPrice":2.5}},"categoryIds":["c-winter","c-pantry"],"similarProductIds":[]},{"id":"gravox-roast-chicken-herb-liquid-gravy","name":"Roast Chicken With Herbs Gravy","brand":"Gravox","imageUrls":["https://shop.coles.com.au/wcsstore/Coles-CAS/images/6/8/4/6842860.jpg"],"storeId":"coles","packageSize":"250g","cupPrice":"$1.00 per 100G","locations":{"VIC":{"price":2.5,"discountRate":17,"promo":"","orgPrice":3}},"categoryIds":["c-winter","c-pantry"],"similarProductIds":[]},{"id":"gravox-chicken-gravy-mix","name":"Chicken Gravy Mix","brand":"Gravox","imageUrls":["https://shop.coles.com.au/wcsstore/Coles-CAS/images/6/0/4/6046853.jpg"],"storeId":"coles","packageSize":"120g","cupPrice":"$0.28 per 10G","locations":{"VIC":{"price":3.3,"discountRate":24,"promo":"Any 2 $5","orgPrice":3.3}},"categoryIds":["c-winter","c-pantry"],"similarProductIds":[]},{"id":"gravox-saucery-white-sauce-mix","name":"Saucery White Sauce Mix","brand":"Gravox","imageUrls":["https://shop.coles.com.au/wcsstore/Coles-CAS/images/5/0/8/5084052.jpg"],"storeId":"coles","packageSize":"29g","cupPrice":"$0.31 per 10G","locations":{"VIC":{"price":0.9,"discountRate":10,"promo":"","orgPrice":1}},"categoryIds":["c-winter","c-pantry"],"similarProductIds":[]},{"id":"gravox-gravy-instant-salt-reduced-traditional","name":"Instant Salt Reduced Traditional Gravy Mix","brand":"Gravox","imageUrls":["https://shop.coles.com.au/wcsstore/Coles-CAS/images/1/4/1/1418189.jpg"],"storeId":"coles","packageSize":"120g","cupPrice":"$2.75 per 100G","locations":{"VIC":{"price":3.3,"discountRate":24,"promo":"Any 2 $5","orgPrice":3.3}},"categoryIds":["c-winter","c-pantry"],"similarProductIds":[]},{"id":"greens-gravy-granules-for-roast-meat","name":"Gravy Granules for Roast Meat","brand":"Green's","imageUrls":["https://shop.coles.com.au/wcsstore/Coles-CAS/images/7/3/0/7302777.jpg"],"storeId":"coles","packageSize":"120g","cupPrice":"$0.25 per 10G","locations":{"VIC":{"price":3,"discountRate":21,"promo":"","orgPrice":3.8}},"categoryIds":["c-winter","c-pantry"],"similarProductIds":[]},{"id":"head-shoulders-conditioner-anti-dandruff-smooth-silky","name":"Smooth & Silky Anti-Dandruff Conditioner","brand":"Head & Shoulders","imageUrls":["https://shop.coles.com.au/wcsstore/Coles-CAS/images/4/7/1/4714202.jpg"],"storeId":"coles","packageSize":"400mL","cupPrice":"$1.88 per 100mL","locations":{"VIC":{"price":7.5,"discountRate":32,"promo":"","orgPrice":11}},"categoryIds":["c-winter","c-health--beauty"],"similarProductIds":[]},{"id":"head-shoulders-anti-dandruff-smooth-silky-shampoo-9015380p","name":"Smooth & Silky Anti-Dandruff Shampoo","brand":"Head & Shoulders","imageUrls":["https://shop.coles.com.au/wcsstore/Coles-CAS/images/9/0/1/9015380.jpg"],"storeId":"coles","packageSize":"400mL","cupPrice":"$1.88 per 100mL","locations":{"VIC":{"price":7.5,"discountRate":32,"promo":"","orgPrice":11}},"categoryIds":["c-winter","c-health--beauty"],"similarProductIds":[]},{"id":"head-shoulders-shampoo-conditioner-2in1-dry-scalp","name":"2 in 1 Dry Scalp Shampoo & Conditioner","brand":"Head & Shoulders","imageUrls":["https://shop.coles.com.au/wcsstore/Coles-CAS/images/1/5/9/1593098.jpg"],"storeId":"coles","packageSize":"350mL","cupPrice":"$2.14 per 100mL","locations":{"VIC":{"price":7.5,"discountRate":32,"promo":"","orgPrice":11}},"categoryIds":["c-winter","c-health--beauty"],"similarProductIds":[]},{"id":"la-zuppa-creamy-chicken-vegetable-soup-pouch","name":"Creamy Chicken & Vegetable Soup Pouch","brand":"La Zuppa","imageUrls":["https://shop.coles.com.au/wcsstore/Coles-CAS/images/1/7/2/1727570.jpg"],"storeId":"coles","packageSize":"540g","cupPrice":"$0.65 per 100G","locations":{"VIC":{"price":3.5,"discountRate":20,"promo":"","orgPrice":4.4}},"categoryIds":["c-winter","c-pantry"],"similarProductIds":[]},{"id":"la-zuppa-pouches-soup-italian-tomato-veg","name":"Gluten Free Italian Style Tomato & Vegetable Soup","brand":"La Zuppa","imageUrls":["https://shop.coles.com.au/wcsstore/Coles-CAS/images/3/4/0/3402565.jpg"],"storeId":"coles","packageSize":"540g","cupPrice":"$0.65 per 100G","locations":{"VIC":{"price":3.5,"discountRate":20,"promo":"","orgPrice":4.4}},"categoryIds":["c-winter","c-pantry"],"similarProductIds":[]},{"id":"masterfoods-recipe-base-lamb-casserole","name":"Slow Cooker Lamb Casserole Recipe Base","brand":"MasterFoods","imageUrls":["https://shop.coles.com.au/wcsstore/Coles-CAS/images/6/8/5/6856070.jpg"],"storeId":"coles","packageSize":"175g","cupPrice":"$1.26 per 100G","locations":{"VIC":{"price":2.2,"discountRate":9,"promo":"Any 3 $6","orgPrice":2.2}},"categoryIds":["c-winter","c-pantry"],"similarProductIds":[]},{"id":"masterfoods-recipe-base-farmhouse-chicken","name":"Slow Cooker Farmhouse Chicken Casserole Recipe Base","brand":"MasterFoods","imageUrls":["https://shop.coles.com.au/wcsstore/Coles-CAS/images/6/8/5/6856106.jpg"],"storeId":"coles","packageSize":"175g","cupPrice":"$1.26 per 100G","locations":{"VIC":{"price":2.2,"discountRate":9,"promo":"Any 3 $6","orgPrice":2.2}},"categoryIds":["c-winter","c-pantry"],"similarProductIds":[]},{"id":"nivea-visage-daily-night-cream-dry-sensitive-skin","name":"Daily Essentials Rich Regenerating Night Cream Face Moisturiser + Shea Butter for Dry Skin","brand":"Nivea","imageUrls":["https://shop.coles.com.au/wcsstore/Coles-CAS/images/8/5/8/8581982.jpg"],"storeId":"coles","packageSize":"50mL","cupPrice":"$18.70 per 100mL","locations":{"VIC":{"price":9.35,"discountRate":30,"promo":"","orgPrice":13.399999999999999}},"categoryIds":["c-winter","c-health--beauty"],"similarProductIds":[]},{"id":"nivea-visage-fluid-moisturiser-spf15","name":"Moisturising Day Face Cream Fluid Spf15","brand":"Nivea","imageUrls":["https://shop.coles.com.au/wcsstore/Coles-CAS/images/5/1/4/5143435.jpg"],"storeId":"coles","packageSize":"50mL","cupPrice":"$10.70 per 100mL","locations":{"VIC":{"price":5.35,"discountRate":30,"promo":"","orgPrice":7.6499999999999995}},"categoryIds":["c-winter","c-health--beauty"],"similarProductIds":[]},{"id":"nyal-decongested-nasal-spray-pump","name":"Decongested Nasal Spray Pump","brand":"Nyal","imageUrls":["https://shop.coles.com.au/wcsstore/Coles-CAS/images/5/1/5/5158319.jpg"],"storeId":"coles","packageSize":"15mL","cupPrice":"$48.00 per 100mL","locations":{"VIC":{"price":7.2,"discountRate":20,"promo":"","orgPrice":9}},"categoryIds":["c-winter","c-health--beauty"],"similarProductIds":[]},{"id":"nyal-tablets-cough--cold-flu","name":"Cough Cold & Flu Tablets","brand":"Nyal","imageUrls":["https://shop.coles.com.au/wcsstore/Coles-CAS/images/2/8/6/2864714.jpg"],"storeId":"coles","packageSize":"24 pack","cupPrice":"$0.47 per 1Ea","locations":{"VIC":{"price":11.2,"discountRate":20,"promo":"","orgPrice":14}},"categoryIds":["c-winter","c-health--beauty"],"similarProductIds":[]},{"id":"podravka-vegeta-chicken-stock","name":"Gluten Free Real Chicken Stock Powder Canned","brand":"Vegeta","imageUrls":["https://shop.coles.com.au/wcsstore/Coles-CAS/images/8/4/9/8496985.jpg"],"storeId":"coles","packageSize":"200g","cupPrice":"$1.25 per 100G","locations":{"VIC":{"price":2.5,"discountRate":32,"promo":"","orgPrice":3.7}},"categoryIds":["c-winter","c-pantry"],"similarProductIds":[]},{"id":"podravka-vegeta-beef-stock","name":"Gluten Free Real Beef Stock Powder Canned","brand":"Vegeta","imageUrls":["https://shop.coles.com.au/wcsstore/Coles-CAS/images/2/3/7/2379264.jpg"],"storeId":"coles","packageSize":"180g","cupPrice":"$1.39 per 100G","locations":{"VIC":{"price":2.5,"discountRate":32,"promo":"","orgPrice":3.7}},"categoryIds":["c-winter","c-pantry"],"similarProductIds":[]},{"id":"well-yes-roasted-chicken-with-wild-rice-soup","name":"Roasted Chicken With Wild Rice Soup","brand":"Well Yes","imageUrls":["https://shop.coles.com.au/wcsstore/Coles-CAS/images/3/4/1/3414156.jpg"],"storeId":"coles","packageSize":"463g","cupPrice":"$0.76 per 100G","locations":{"VIC":{"price":3.5,"discountRate":43,"promo":"Any 2 $4","orgPrice":3.5}},"categoryIds":["c-winter","c-pantry"],"similarProductIds":[]},{"id":"well-yes-chicken-noodle-soup","name":"Chicken Noodle Soup","brand":"Well Yes","imageUrls":["https://shop.coles.com.au/wcsstore/Coles-CAS/images/3/4/1/3414123.jpg"],"storeId":"coles","packageSize":"458g","cupPrice":"$0.76 per 100G","locations":{"VIC":{"price":3.5,"discountRate":43,"promo":"Any 2 $4","orgPrice":3.5}},"categoryIds":["c-winter","c-pantry"],"similarProductIds":[]},{"id":"amys-kitchen-organic-lentil-vegetable-soup-canned","name":"Organic Lentil & Vegetable Soup Canned","brand":"Amy's Kitchen","imageUrls":["https://shop.coles.com.au/wcsstore/Coles-CAS/images/2/3/0/2303400.jpg"],"storeId":"coles","packageSize":"411g","cupPrice":"$0.73 per 100G","locations":{"VIC":{"price":3,"discountRate":0,"promo":"","orgPrice":3}},"categoryIds":["c-winter","c-pantry"],"similarProductIds":[]},{"id":"betadine-concentrated-gargle-sore-throat","name":"Concentrated Sore Throat Gargle","brand":"Betadine","imageUrls":["https://shop.coles.com.au/wcsstore/Coles-CAS/images/7/8/1/7813197.jpg"],"storeId":"coles","packageSize":"15mL","cupPrice":"$64.00 per 100mL","locations":{"VIC":{"price":9.6,"discountRate":20,"promo":"","orgPrice":12}},"categoryIds":["c-winter","c-health--beauty"],"similarProductIds":[]},{"id":"bosistos-desert-lime-eucalyptus","name":"Desert Lime & Eucalyptus Revitalising Hand Wash Refill","brand":"Bosisto's","imageUrls":["https://shop.coles.com.au/wcsstore/Coles-CAS/images/3/5/1/3519493.jpg"],"storeId":"coles","packageSize":"1L","cupPrice":"$9.00 per 1L","locations":{"VIC":{"price":9,"discountRate":25,"promo":"","orgPrice":12}},"categoryIds":["c-winter","c-health--beauty"],"similarProductIds":[]},{"id":"bosistos-banksia-flower-lavender","name":"Banksia Flower & Lavender Moisturising Hand Wash","brand":"Bosisto's","imageUrls":["https://shop.coles.com.au/wcsstore/Coles-CAS/images/3/5/1/3519449.jpg"],"storeId":"coles","packageSize":"300mL","cupPrice":"$1.50 per 100mL","locations":{"VIC":{"price":4.5,"discountRate":25,"promo":"","orgPrice":6}},"categoryIds":["c-winter","c-health--beauty"],"similarProductIds":[]},{"id":"bosistos-banksia-flower-lavender-3519471p","name":"Banksia Flower & Lavender Moisturising Hand Wash Refill","brand":"Bosisto's","imageUrls":["https://shop.coles.com.au/wcsstore/Coles-CAS/images/3/5/1/3519471.jpg"],"storeId":"coles","packageSize":"1L","cupPrice":"$9.00 per 1L","locations":{"VIC":{"price":9,"discountRate":25,"promo":"","orgPrice":12}},"categoryIds":["c-winter","c-health--beauty"],"similarProductIds":[]},{"id":"bosisto-s-nasal-spray-eucalyptus-50ml","name":"Nasal Spray Eucalyptus","brand":"Bosisto's","imageUrls":["https://shop.coles.com.au/wcsstore/Coles-CAS/images/3/7/3/3734372.jpg"],"storeId":"coles","packageSize":"50mL","cupPrice":"$12.00 per 100mL","locations":{"VIC":{"price":6,"discountRate":25,"promo":"","orgPrice":8}},"categoryIds":["c-winter","c-health--beauty"],"similarProductIds":[]},{"id":"bronchodual-cough-pastilles-20s","name":"Cough Pastilles","brand":"Bronchodual","imageUrls":["https://shop.coles.com.au/wcsstore/Coles-CAS/images/3/7/3/3734521.jpg"],"storeId":"coles","packageSize":"20 pack","cupPrice":"$0.42 per 1Ea","locations":{"VIC":{"price":8.4,"discountRate":30,"promo":"","orgPrice":12}},"categoryIds":["c-winter","c-health--beauty"],"similarProductIds":[]},{"id":"bronchodual-cough-syrup-200ml","name":"Cough Syrup","brand":"Bronchodual","imageUrls":["https://shop.coles.com.au/wcsstore/Coles-CAS/images/3/7/3/3734510.jpg"],"storeId":"coles","packageSize":"200mL","cupPrice":"$6.37 per 100mL","locations":{"VIC":{"price":12.74,"discountRate":25,"promo":"","orgPrice":16.990000000000002}},"categoryIds":["c-winter","c-health--beauty"],"similarProductIds":[]},{"id":"campbells-condensed-soup-chicken-noodle","name":"Chicken Noodle Condensed Soup Can","brand":"Campbell's","imageUrls":["https://shop.coles.com.au/wcsstore/Coles-CAS/images/5/8/7/5874929.jpg"],"storeId":"coles","packageSize":"400g","cupPrice":"$0.25 per 100G","locations":{"VIC":{"price":1,"discountRate":44,"promo":"","orgPrice":1.8}},"categoryIds":["c-winter","c-pantry"],"similarProductIds":[]},{"id":"campbells-chunky-soup-ravioli-bef-tom","name":"Chunky Soup Ravioli Beef Tom","brand":"Campbell's","imageUrls":["https://shop.coles.com.au/wcsstore/Coles-CAS/images/3/7/1/3714692.jpg"],"storeId":"coles","packageSize":"505g","cupPrice":"$0.69 per 100G","locations":{"VIC":{"price":3.5,"discountRate":43,"promo":"Any 2 $4","orgPrice":3.5}},"categoryIds":["c-winter","c-pantry"],"similarProductIds":[]},{"id":"campbells-chunky-soup-chilli-bef","name":"Chunky Soup Chilli Beef","brand":"Campbell's","imageUrls":["https://shop.coles.com.au/wcsstore/Coles-CAS/images/3/7/1/3714681.jpg"],"storeId":"coles","packageSize":"505g","cupPrice":"$0.69 per 100G","locations":{"VIC":{"price":3.5,"discountRate":43,"promo":"Any 2 $4","orgPrice":3.5}},"categoryIds":["c-winter","c-pantry"],"similarProductIds":[]},{"id":"campbells-chunky-soup-chicken-korma","name":"Chunky Soup Chicken Korma","brand":"Campbell's","imageUrls":["https://shop.coles.com.au/wcsstore/Coles-CAS/images/3/7/1/3714670.jpg"],"storeId":"coles","packageSize":"505g","cupPrice":"$0.69 per 100G","locations":{"VIC":{"price":3.5,"discountRate":43,"promo":"Any 2 $4","orgPrice":3.5}},"categoryIds":["c-winter","c-pantry"],"similarProductIds":[]},{"id":"campbells-chinese-dumpling-stock","name":"Chinese Dumpling Stock","brand":"Campbells","imageUrls":["https://shop.coles.com.au/wcsstore/Coles-CAS/images/3/7/2/3729500.jpg"],"storeId":"coles","packageSize":"1L","cupPrice":"$3.00 per 1L","locations":{"VIC":{"price":3,"discountRate":25,"promo":"","orgPrice":4}},"categoryIds":["c-winter","c-pantry"],"similarProductIds":[]},{"id":"codral-relief-lozenges","name":"Combo Pack","brand":"Codral","imageUrls":["https://shop.coles.com.au/wcsstore/Coles-CAS/images/3/4/2/3425120.jpg"],"storeId":"coles","packageSize":"36 pack","cupPrice":"$0.36 per 1Ea","locations":{"VIC":{"price":12.8,"discountRate":20,"promo":"","orgPrice":16}},"categoryIds":["c-winter","c-health--beauty"],"similarProductIds":[]},{"id":"continental-sensations-2s-soup-crmy-roast-chkn-oni","name":"Creamy Roast Chicken Spring Onion Soup","brand":"Continental Sensation","imageUrls":["https://shop.coles.com.au/wcsstore/Coles-CAS/images/3/7/1/3716202.jpg"],"storeId":"coles","packageSize":"61g","cupPrice":"$3.28 per 100G","locations":{"VIC":{"price":2,"discountRate":20,"promo":"","orgPrice":2.5}},"categoryIds":["c-winter","c-pantry"],"similarProductIds":[]},{"id":"continental-sensation-2s-soup-potato-pump-onion","name":"Sweet Potato Pumpkin & Caramelised Onion Soup","brand":"Continental Sensation","imageUrls":["https://shop.coles.com.au/wcsstore/Coles-CAS/images/3/7/1/3716235.jpg"],"storeId":"coles","packageSize":"63g","cupPrice":"$3.17 per 100G","locations":{"VIC":{"price":2,"discountRate":20,"promo":"","orgPrice":2.5}},"categoryIds":["c-winter","c-pantry"],"similarProductIds":[]},{"id":"dimetapp-ultra-plus-cold-flu-tablets","name":"Cold & Flu Tablets","brand":"Dimetapp","imageUrls":["https://shop.coles.com.au/wcsstore/Coles-CAS/images/2/8/6/2864543.jpg"],"storeId":"coles","packageSize":"27 pack","cupPrice":"$0.41 per 1Ea","locations":{"VIC":{"price":11,"discountRate":21,"promo":"","orgPrice":14}},"categoryIds":["c-winter","c-health--beauty"],"similarProductIds":[]},{"id":"ease-a-cold-cold-congestion-day-night-capsules","name":"Cold & Congestion Day & Night Capsules","brand":"Ease A Cold","imageUrls":["https://shop.coles.com.au/wcsstore/Coles-CAS/images/6/9/3/6933761.jpg"],"storeId":"coles","packageSize":"30 pack","cupPrice":"$0.36 per 1Ea","locations":{"VIC":{"price":10.87,"discountRate":25,"promo":"","orgPrice":14.5}},"categoryIds":["c-winter","c-healthy-living","c-health--beauty"],"similarProductIds":[]},{"id":"ease-a-cold-cough-cold-flu-capsules-day-night","name":"Cough Cold & Flu Day & Night Capsules","brand":"Ease A Cold","imageUrls":["https://shop.coles.com.au/wcsstore/Coles-CAS/images/9/7/3/9738387.jpg"],"storeId":"coles","packageSize":"24 pack","cupPrice":"$0.56 per 1Ea","locations":{"VIC":{"price":13.5,"discountRate":26,"promo":"","orgPrice":18.3}},"categoryIds":["c-winter","c-healthy-living","c-health--beauty"],"similarProductIds":[]},{"id":"ease-a-cold-kids-cold-flu-burstlets","name":"Kids Cold & Flu Soft Chewable Capsules","brand":"Ease A Cold","imageUrls":["https://shop.coles.com.au/wcsstore/Coles-CAS/images/5/7/2/5725485.jpg"],"storeId":"coles","packageSize":"24 pack","cupPrice":"$0.47 per 1Ea","locations":{"VIC":{"price":11.25,"discountRate":25,"promo":"","orgPrice":15}},"categoryIds":["c-winter","c-health--beauty"],"similarProductIds":[]},{"id":"ease-a-cold-immune-guard","name":"Immune Guard Hard Capsules","brand":"Ease A Cold","imageUrls":["https://shop.coles.com.au/wcsstore/Coles-CAS/images/3/4/1/3412037.jpg"],"storeId":"coles","packageSize":"24 pack","cupPrice":"$0.63 per 1Ea","locations":{"VIC":{"price":15,"discountRate":25,"promo":"","orgPrice":20}},"categoryIds":["c-winter","c-health--beauty"],"similarProductIds":[]},{"id":"garnier-miracle-skin-perfector-cream-light","name":"BB Cream Original Light","brand":"Garnier","imageUrls":["https://shop.coles.com.au/wcsstore/Coles-CAS/images/8/5/7/8573088.jpg"],"storeId":"coles","packageSize":"50mL","cupPrice":"$18.90 per 100mL","locations":{"VIC":{"price":9.45,"discountRate":40,"promo":"","orgPrice":15.75}},"categoryIds":["c-winter","c-health--beauty"],"similarProductIds":[]},{"id":"gravox-liquid-gravy-brown-onion","name":"Brown Onion Liquid Gravy","brand":"Gravox","imageUrls":["https://shop.coles.com.au/wcsstore/Coles-CAS/images/7/5/3/7534579.jpg"],"storeId":"coles","packageSize":"250g","cupPrice":"$1.00 per 100G","locations":{"VIC":{"price":2.5,"discountRate":17,"promo":"","orgPrice":3}},"categoryIds":["c-winter","c-pantry"],"similarProductIds":[]},{"id":"gravox-lamb-rosemary-liquid-gravy","name":"Lamb & Rosemary Liquid Gravy","brand":"Gravox","imageUrls":["https://shop.coles.com.au/wcsstore/Coles-CAS/images/6/8/4/6842859.jpg"],"storeId":"coles","packageSize":"250g","cupPrice":"$1.00 per 100G","locations":{"VIC":{"price":2.5,"discountRate":17,"promo":"","orgPrice":3}},"categoryIds":["c-winter","c-pantry"],"similarProductIds":[]},{"id":"gravox-saucery-pepper-sauce-mix","name":"Saucery Pepper Sauce Mix","brand":"Gravox","imageUrls":["https://shop.coles.com.au/wcsstore/Coles-CAS/images/5/0/8/5084020.jpg"],"storeId":"coles","packageSize":"29g","cupPrice":"$0.31 per 10G","locations":{"VIC":{"price":0.9,"discountRate":10,"promo":"","orgPrice":1}},"categoryIds":["c-winter","c-pantry"],"similarProductIds":[]},{"id":"gravox-gravy-mix-traditional-1011997p","name":"Traditional Gravy Mix","brand":"Gravox","imageUrls":["https://shop.coles.com.au/wcsstore/Coles-CAS/images/1/0/1/1011997.jpg"],"storeId":"coles","packageSize":"29g","cupPrice":"$0.31 per 10G","locations":{"VIC":{"price":0.9,"discountRate":10,"promo":"","orgPrice":1}},"categoryIds":["c-winter","c-pantry"],"similarProductIds":[]},{"id":"gravox-carvery-super-chicken-gravy-mix","name":"Supreme Chicken Gravy Mix","brand":"Gravox","imageUrls":["https://shop.coles.com.au/wcsstore/Coles-CAS/images/5/3/8/5387327.jpg"],"storeId":"coles","packageSize":"29g","cupPrice":"$3.10 per 100G","locations":{"VIC":{"price":0.9,"discountRate":10,"promo":"","orgPrice":1}},"categoryIds":["c-winter","c-pantry"],"similarProductIds":[]},{"id":"gravox-roast-pork-liquid-gravy","name":"Roast Pork Gravy","brand":"Gravox","imageUrls":["https://shop.coles.com.au/wcsstore/Coles-CAS/images/3/4/3/3433503.jpg"],"storeId":"coles","packageSize":"250g","cupPrice":"$1.00 per 100G","locations":{"VIC":{"price":2.5,"discountRate":17,"promo":"","orgPrice":3}},"categoryIds":["c-winter","c-pantry"],"similarProductIds":[]},{"id":"head-shoulders-shampoo-itchy-scalp-7833886p","name":"Itchy Scalp Shampoo","brand":"Head & Shoulders","imageUrls":["https://shop.coles.com.au/wcsstore/Coles-CAS/images/7/8/3/7833886.jpg"],"storeId":"coles","packageSize":"400mL","cupPrice":"$1.88 per 100mL","locations":{"VIC":{"price":7.5,"discountRate":32,"promo":"","orgPrice":11}},"categoryIds":["c-winter","c-health--beauty"],"similarProductIds":[]},{"id":"head-shoulders-conditioner-anti-dandruff-clean-balanced","name":"Clean & Balanced Anti-Dandruff Conditioner","brand":"Head & Shoulders","imageUrls":["https://shop.coles.com.au/wcsstore/Coles-CAS/images/6/0/9/6094889.jpg"],"storeId":"coles","packageSize":"400mL","cupPrice":"$1.88 per 100mL","locations":{"VIC":{"price":7.5,"discountRate":32,"promo":"","orgPrice":11}},"categoryIds":["c-winter","c-health--beauty"],"similarProductIds":[]},{"id":"head-shoulders-conditioner-anti-dandruff-dry-scalp-care","name":"Dry Scalp Care Anti-Dandruff Conditioner","brand":"Head & Shoulders","imageUrls":["https://shop.coles.com.au/wcsstore/Coles-CAS/images/4/7/1/4714188.jpg"],"storeId":"coles","packageSize":"400mL","cupPrice":"$1.88 per 100mL","locations":{"VIC":{"price":7.5,"discountRate":32,"promo":"","orgPrice":11}},"categoryIds":["c-winter","c-health--beauty"],"similarProductIds":[]},{"id":"head-and-shoulders-apple-fresh-shampoo-9932801p","name":"Apple Fresh Shampoo","brand":"Head & Shoulders","imageUrls":["https://shop.coles.com.au/wcsstore/Coles-CAS/images/9/9/3/9932801.jpg"],"storeId":"coles","packageSize":"400mL","cupPrice":"$1.88 per 100mL","locations":{"VIC":{"price":7.5,"discountRate":32,"promo":"","orgPrice":11}},"categoryIds":["c-winter","c-health--beauty"],"similarProductIds":[]},{"id":"head-shoulders-shampoo-conditioner-2in1-itchy-scalp","name":"Itchy Scalp 2 In 1 Shampoo & Conditioner","brand":"Head & Shoulders","imageUrls":["https://shop.coles.com.au/wcsstore/Coles-CAS/images/1/5/9/1593087.jpg"],"storeId":"coles","packageSize":"350mL","cupPrice":"$2.14 per 100mL","locations":{"VIC":{"price":7.5,"discountRate":32,"promo":"","orgPrice":11}},"categoryIds":["c-winter","c-health--beauty"],"similarProductIds":[]},{"id":"head-shoulders-supreme-conditioner-smooth-3164139p","name":"Supreme Smooth Conditioner","brand":"Head & Shoulders","imageUrls":["https://shop.coles.com.au/wcsstore/Coles-CAS/images/3/1/6/3164139.jpg"],"storeId":"coles","packageSize":"400mL","cupPrice":"$2.63 per 100mL","locations":{"VIC":{"price":10.5,"discountRate":30,"promo":"","orgPrice":15}},"categoryIds":["c-winter","c-health--beauty"],"similarProductIds":[]},{"id":"head-shoulders-supreme-conditioner-moisture-3164081p","name":"Supreme Moisture Conditioner","brand":"Head & Shoulders","imageUrls":["https://shop.coles.com.au/wcsstore/Coles-CAS/images/3/1/6/3164081.jpg"],"storeId":"coles","packageSize":"400mL","cupPrice":"$2.63 per 100mL","locations":{"VIC":{"price":10.5,"discountRate":30,"promo":"","orgPrice":15}},"categoryIds":["c-winter","c-health--beauty"],"similarProductIds":[]},{"id":"head-shoulders-supreme-shampoo-smooth-3164106p","name":"Supreme Smooth Anti Dandruff Shampoo","brand":"Head & Shoulders","imageUrls":["https://shop.coles.com.au/wcsstore/Coles-CAS/images/3/1/6/3164106.jpg"],"storeId":"coles","packageSize":"400mL","cupPrice":"$2.63 per 100mL","locations":{"VIC":{"price":10.5,"discountRate":30,"promo":"","orgPrice":15}},"categoryIds":["c-winter","c-health--beauty"],"similarProductIds":[]},{"id":"head-shoulders-supreme-shampoo-moisture-3164070p","name":"Supreme Moisture Anti-Dandruff Shampoo","brand":"Head & Shoulders","imageUrls":["https://shop.coles.com.au/wcsstore/Coles-CAS/images/3/1/6/3164070.jpg"],"storeId":"coles","packageSize":"400mL","cupPrice":"$2.63 per 100mL","locations":{"VIC":{"price":10.5,"discountRate":30,"promo":"","orgPrice":15}},"categoryIds":["c-winter","c-health--beauty"],"similarProductIds":[]},{"id":"head-shoulders-ultramen-shampoo-old-spice-2in1-3416195p","name":"Ultra Men 2 In 1 Old Spice Shampoo","brand":"Head & Shoulders","imageUrls":["https://shop.coles.com.au/wcsstore/Coles-CAS/images/3/4/1/3416195.jpg"],"storeId":"coles","packageSize":"400mL","cupPrice":"$2.63 per 100mL","locations":{"VIC":{"price":10.5,"discountRate":30,"promo":"","orgPrice":15}},"categoryIds":["c-winter","c-health--beauty"],"similarProductIds":[]},{"id":"head-shoulders-shampoo-old-spice-2in1","name":"2 in 1 Ultra Men Old Spice Shampoo","brand":"Head & Shoulders","imageUrls":["https://shop.coles.com.au/wcsstore/Coles-CAS/images/3/4/1/3416140.jpg"],"storeId":"coles","packageSize":"550mL","cupPrice":"$2.42 per 100mL","locations":{"VIC":{"price":13.3,"discountRate":30,"promo":"","orgPrice":19}},"categoryIds":["c-winter","c-health--beauty"],"similarProductIds":[]},{"id":"head-shoulders-ultramen-shampoo-hair-retain-2in1","name":"Ultra Men 2 In 1 Hair Retain Shampoo","brand":"Head & Shoulders","imageUrls":["https://shop.coles.com.au/wcsstore/Coles-CAS/images/3/4/1/3416162.jpg"],"storeId":"coles","packageSize":"400mL","cupPrice":"$2.63 per 100mL","locations":{"VIC":{"price":10.5,"discountRate":30,"promo":"","orgPrice":15}},"categoryIds":["c-winter","c-health--beauty"],"similarProductIds":[]},{"id":"head-shoulders-ultramen-shampoo-sports-2in1","name":"Ultra Men 2 In1 Sports Fresh Anti-Dandruff Shampoo + Conditioner","brand":"Head & Shoulders","imageUrls":["https://shop.coles.com.au/wcsstore/Coles-CAS/images/3/4/1/3416151.jpg"],"storeId":"coles","packageSize":"400mL","cupPrice":"$2.63 per 100mL","locations":{"VIC":{"price":10.5,"discountRate":30,"promo":"","orgPrice":15}},"categoryIds":["c-winter","c-health--beauty"],"similarProductIds":[]},{"id":"head-shoulders-shampoo-deep-clean-2in1","name":"Ultra Men 2 in 1 Deep Clean Shampoo + Conditioner","brand":"Head & Shoulders","imageUrls":["https://shop.coles.com.au/wcsstore/Coles-CAS/images/3/4/1/3416130.jpg"],"storeId":"coles","packageSize":"550mL","cupPrice":"$2.42 per 100mL","locations":{"VIC":{"price":13.3,"discountRate":30,"promo":"","orgPrice":19}},"categoryIds":["c-winter","c-health--beauty"],"similarProductIds":[]},{"id":"head-shoulders-ultramen-shampoo-deep-clean-2in1-3416173p","name":"Ultra Men 2 In1 Deep Clean Anti-Dandruff Shampoo + Conditioner","brand":"Head & Shoulders","imageUrls":["https://shop.coles.com.au/wcsstore/Coles-CAS/images/3/4/1/3416173.jpg"],"storeId":"coles","packageSize":"400mL","cupPrice":"$2.63 per 100mL","locations":{"VIC":{"price":10.5,"discountRate":30,"promo":"","orgPrice":15}},"categoryIds":["c-winter","c-health--beauty"],"similarProductIds":[]},{"id":"head-shoulders-supreme-moisture-shampoo","name":"Supreme Moisture Shampoo","brand":"Head & Shoulders","imageUrls":["https://shop.coles.com.au/wcsstore/Coles-CAS/images/3/4/1/3418736.jpg"],"storeId":"coles","packageSize":"550mL","cupPrice":"$2.42 per 100mL","locations":{"VIC":{"price":13.3,"discountRate":30,"promo":"","orgPrice":19}},"categoryIds":["c-winter","c-health--beauty"],"similarProductIds":[]},{"id":"loreal-age-perfect-cream-intense-nutr-day","name":"Paris Intense Nutrition Day Cream","brand":"L'Oreal","imageUrls":["https://shop.coles.com.au/wcsstore/Coles-CAS/images/8/5/7/8571887.jpg"],"storeId":"coles","packageSize":"50mL","cupPrice":"$42.00 per 100mL","locations":{"VIC":{"price":21,"discountRate":40,"promo":"","orgPrice":35}},"categoryIds":["c-winter","c-health--beauty"],"similarProductIds":[]},{"id":"loreal-revitalift-cream-anti-wrinkle-night","name":"Paris Revitalift Night Cream","brand":"L'Oreal","imageUrls":["https://shop.coles.com.au/wcsstore/Coles-CAS/images/7/2/3/7231985.jpg"],"storeId":"coles","packageSize":"50mL","cupPrice":"$39.40 per 100mL","locations":{"VIC":{"price":19.7,"discountRate":40,"promo":"","orgPrice":32.9}},"categoryIds":["c-winter","c-health--beauty"],"similarProductIds":[]},{"id":"loreal-revitalift-day-cream","name":"Revitalift Day Cream","brand":"L'Oreal","imageUrls":["https://shop.coles.com.au/wcsstore/Coles-CAS/images/6/0/8/6089030.jpg"],"storeId":"coles","packageSize":"50mL","cupPrice":"$39.40 per 100mL","locations":{"VIC":{"price":19.7,"discountRate":40,"promo":"","orgPrice":32.9}},"categoryIds":["c-winter","c-health--beauty"],"similarProductIds":[]},{"id":"loreal-revitalift-laser-renew-moisturiser-1161435p","name":"Revitalift Laser Antiaging Day Moisturiser","brand":"L'Oreal","imageUrls":["https://shop.coles.com.au/wcsstore/Coles-CAS/images/1/1/6/1161435.jpg"],"storeId":"coles","packageSize":"50mL","cupPrice":"$54.00 per 100mL","locations":{"VIC":{"price":27,"discountRate":40,"promo":"","orgPrice":45}},"categoryIds":["c-winter","c-health--beauty"],"similarProductIds":[]},{"id":"loreal-revitalift-moisturiser-spf-15-1982260p","name":"Revitalift Moisturiser SPF 15+","brand":"L'Oreal","imageUrls":["https://shop.coles.com.au/wcsstore/Coles-CAS/images/1/9/8/1982260.jpg"],"storeId":"coles","packageSize":"50mL","cupPrice":"$39.40 per 100mL","locations":{"VIC":{"price":19.7,"discountRate":40,"promo":"","orgPrice":32.9}},"categoryIds":["c-winter","c-health--beauty"],"similarProductIds":[]},{"id":"loreal-revitalist-filler-day-cream","name":"Revitalift Filler Day Cream","brand":"L'Oreal","imageUrls":["https://shop.coles.com.au/wcsstore/Coles-CAS/images/2/4/2/2428541.jpg"],"storeId":"coles","packageSize":"50mL","cupPrice":"$54.00 per 100mL","locations":{"VIC":{"price":27,"discountRate":40,"promo":"","orgPrice":45}},"categoryIds":["c-winter","c-health--beauty"],"similarProductIds":[]},{"id":"loreal--revitalift-laser-x3-night-cream","name":"Revitalift Laser X3 Night Cream","brand":"L'Oreal","imageUrls":["https://shop.coles.com.au/wcsstore/Coles-CAS/images/1/6/8/1685640.jpg"],"storeId":"coles","packageSize":"50mL","cupPrice":"$54.00 per 100mL","locations":{"VIC":{"price":27,"discountRate":40,"promo":"","orgPrice":45}},"categoryIds":["c-winter","c-health--beauty"],"similarProductIds":[]},{"id":"loreal-paris-revitalift-moisturiser-night-filler","name":"Paris Revitalift Moisturiser Night Filler","brand":"L'Oreal","imageUrls":["https://shop.coles.com.au/wcsstore/Coles-CAS/images/3/2/3/3239486.jpg"],"storeId":"coles","packageSize":"50mL","cupPrice":"$54.00 per 100mL","locations":{"VIC":{"price":27,"discountRate":40,"promo":"","orgPrice":45}},"categoryIds":["c-winter","c-health--beauty"],"similarProductIds":[]},{"id":"loreal-revitalift-ginsng-glow-enrgsng-d-crm","name":"Revitalift Ginseng Glow Energising Red Day Cream","brand":"L'Oreal","imageUrls":["https://shop.coles.com.au/wcsstore/Coles-CAS/images/3/5/5/3557889.jpg"],"storeId":"coles","packageSize":"50mL","cupPrice":"$46.80 per 100mL","locations":{"VIC":{"price":23.4,"discountRate":40,"promo":"","orgPrice":39}},"categoryIds":["c-winter","c-health--beauty"],"similarProductIds":[]},{"id":"lemsip-max-drink-sachet-decon-lemon","name":"Max Cold and Flu with Decongestant Hot Drink Lemon","brand":"Lemsip","imageUrls":["https://shop.coles.com.au/wcsstore/Coles-CAS/images/6/4/1/6419815.jpg"],"storeId":"coles","packageSize":"10 pack","cupPrice":"$1.00 per 1Ea","locations":{"VIC":{"price":10,"discountRate":23,"promo":"","orgPrice":13}},"categoryIds":["c-winter","c-health--beauty"],"similarProductIds":[]},{"id":"lemsip-honey-ginger","name":"Honey and Ginger","brand":"Lemsip","imageUrls":["https://shop.coles.com.au/wcsstore/Coles-CAS/images/2/8/6/2862210.jpg"],"storeId":"coles","packageSize":"10 pack","cupPrice":"$1.00 per 1Ea","locations":{"VIC":{"price":10,"discountRate":23,"promo":"","orgPrice":13}},"categoryIds":["c-winter","c-health--beauty"],"similarProductIds":[]},{"id":"manuka-honey-lozenges-lemon-ginger","name":"Lemon & Ginger Flavoured Honey Lozenges","brand":"Manuka Health","imageUrls":["https://shop.coles.com.au/wcsstore/Coles-CAS/images/3/1/7/3175044.jpg"],"storeId":"coles","packageSize":"15 pack","cupPrice":"$0.40 per 1Ea","locations":{"VIC":{"price":6,"discountRate":25,"promo":"","orgPrice":8}},"categoryIds":["c-winter","c-health--beauty"],"similarProductIds":[]},{"id":"masterfoods-recipe-base-garlic-herb-lamb-shank","name":"Slow Cooker Garlic & Herb Lamb Shanks Recipe Base","brand":"MasterFoods","imageUrls":["https://shop.coles.com.au/wcsstore/Coles-CAS/images/7/4/6/7468500.jpg"],"storeId":"coles","packageSize":"175g","cupPrice":"$1.26 per 100G","locations":{"VIC":{"price":2.2,"discountRate":9,"promo":"Any 3 $6","orgPrice":2.2}},"categoryIds":["c-winter","c-pantry"],"similarProductIds":[]},{"id":"masterfoods-mild-chicken-curry-simmer-sauce","name":"Mild Chicken Curry Slow Cook Simmer Sauce","brand":"MasterFoods","imageUrls":["https://shop.coles.com.au/wcsstore/Coles-CAS/images/1/7/2/1727490.jpg"],"storeId":"coles","packageSize":"490g","cupPrice":"$0.76 per 100G","locations":{"VIC":{"price":3.7,"discountRate":19,"promo":"Any 2 $6","orgPrice":3.7}},"categoryIds":["c-winter","c-pantry"],"similarProductIds":[]},{"id":"momos-meals-free-range-beef-stock","name":"Free Range Beef Stock","brand":"Momo's Meals","imageUrls":["https://shop.coles.com.au/wcsstore/Coles-CAS/images/1/8/1/1814197.jpg"],"storeId":"coles","packageSize":"500mL","cupPrice":"$0.80 per 100mL","locations":{"VIC":{"price":4,"discountRate":36,"promo":"","orgPrice":6.25}},"categoryIds":["c-winter","c-pantry"],"similarProductIds":[]},{"id":"momos-meals-free-range-chicken-stock","name":"Free Range Chicken Stock","brand":"Momos Meals","imageUrls":["https://shop.coles.com.au/wcsstore/Coles-CAS/images/1/8/1/1814200.jpg"],"storeId":"coles","packageSize":"500mL","cupPrice":"$0.80 per 100mL","locations":{"VIC":{"price":4,"discountRate":36,"promo":"","orgPrice":6.25}},"categoryIds":["c-winter","c-pantry"],"similarProductIds":[]},{"id":"nivea-visage-daily-night-cream-normal-combination-skin","name":"Daily Essentials Night Cream Face Moisturiser + Vitamin E","brand":"Nivea","imageUrls":["https://shop.coles.com.au/wcsstore/Coles-CAS/images/8/5/8/8581938.jpg"],"storeId":"coles","packageSize":"50mL","cupPrice":"$18.70 per 100mL","locations":{"VIC":{"price":9.35,"discountRate":30,"promo":"","orgPrice":13.399999999999999}},"categoryIds":["c-winter","c-health--beauty"],"similarProductIds":[]},{"id":"nivea-soft-intensive-moisturising-creme-114451p","name":"Soft Cream Lotion Moisturiser + Jojoba Oil & Vitamin E","brand":"Nivea","imageUrls":["https://shop.coles.com.au/wcsstore/Coles-CAS/images/1/1/4/114451.jpg"],"storeId":"coles","packageSize":"75mL","cupPrice":"$5.00 per 100mL","locations":{"VIC":{"price":3.75,"discountRate":31,"promo":"","orgPrice":5.4}},"categoryIds":["c-winter","c-health--beauty"],"similarProductIds":[]},{"id":"nivea-daily-essentials-moisturiser-cream-dry-sensitive","name":"Rich Day Cream Face Moisturiser + Shea Butter & SPF30","brand":"Nivea","imageUrls":["https://shop.coles.com.au/wcsstore/Coles-CAS/images/9/8/7/9875763.jpg"],"storeId":"coles","packageSize":"50mL","cupPrice":"$18.90 per 100mL","locations":{"VIC":{"price":9.45,"discountRate":30,"promo":"","orgPrice":13.5}},"categoryIds":["c-winter","c-health--beauty"],"similarProductIds":[]},{"id":"nivea-daily-essentials-moisturiser-cream-normal-combination","name":"Daily Essentials Light Day Cream Face Moisturiser + Vitamin E & SPF30","brand":"Nivea","imageUrls":["https://shop.coles.com.au/wcsstore/Coles-CAS/images/9/8/7/9875774.jpg"],"storeId":"coles","packageSize":"50mL","cupPrice":"$18.90 per 100mL","locations":{"VIC":{"price":9.45,"discountRate":30,"promo":"","orgPrice":13.5}},"categoryIds":["c-winter","c-health--beauty"],"similarProductIds":[]},{"id":"nivea-creme-tin-moisturiser","name":"All Purpose Cream Moisturiser for Body Face & Hands","brand":"Nivea","imageUrls":["https://shop.coles.com.au/wcsstore/Coles-CAS/images/2/8/5/2857934.jpg"],"storeId":"coles","packageSize":"150mL","cupPrice":"$2.67 per 100mL","locations":{"VIC":{"price":4,"discountRate":50,"promo":"","orgPrice":8}},"categoryIds":["c-winter","c-health--beauty"],"similarProductIds":[]},{"id":"nivea-q10-power-day-cream-mature-sfp15","name":"Q10 Mature Anti-Wrinkle Day Cream Face Moisturiser + Argan Oil & SPF15","brand":"Nivea","imageUrls":["https://shop.coles.com.au/wcsstore/Coles-CAS/images/3/7/2/3727184.jpg"],"storeId":"coles","packageSize":"50mL","cupPrice":"$30.80 per 100mL","locations":{"VIC":{"price":15.4,"discountRate":30,"promo":"","orgPrice":22}},"categoryIds":["c-winter","c-health--beauty"],"similarProductIds":[]},{"id":"nivea-q10-power-night-cream-mature","name":"Q10 Mature Anti-Wrinkle Night Cream Face Moisturiser + Argan Oil","brand":"Nivea","imageUrls":["https://shop.coles.com.au/wcsstore/Coles-CAS/images/3/7/2/3727195.jpg"],"storeId":"coles","packageSize":"50mL","cupPrice":"$30.80 per 100mL","locations":{"VIC":{"price":15.4,"discountRate":30,"promo":"","orgPrice":22}},"categoryIds":["c-winter","c-health--beauty"],"similarProductIds":[]},{"id":"nurofen-cold-flu-pe-tablets","name":"Cold and Flu Multi-Symptom Relief Tablets 200mg Ibuprofen","brand":"Nurofen","imageUrls":["https://shop.coles.com.au/wcsstore/Coles-CAS/images/1/2/1/1216297.jpg"],"storeId":"coles","packageSize":"24 pack","cupPrice":"$0.57 per 1Ea","locations":{"VIC":{"price":13.75,"discountRate":10,"promo":"","orgPrice":15.3}},"categoryIds":["c-winter","c-health--beauty"],"similarProductIds":[]},{"id":"nyal-chesty-cough-mixture","name":"Chesty Cough Mixture","brand":"Nyal","imageUrls":["https://shop.coles.com.au/wcsstore/Coles-CAS/images/8/0/5/8051923.jpg"],"storeId":"coles","packageSize":"200mL","cupPrice":"$3.40 per 100mL","locations":{"VIC":{"price":6.8,"discountRate":20,"promo":"","orgPrice":8.5}},"categoryIds":["c-winter","c-health--beauty"],"similarProductIds":[]},{"id":"nyal-cough-mixture","name":"Cough Mixture","brand":"Nyal","imageUrls":["https://shop.coles.com.au/wcsstore/Coles-CAS/images/5/7/6/5765708.jpg"],"storeId":"coles","packageSize":"200mL","cupPrice":"$3.40 per 100mL","locations":{"VIC":{"price":6.8,"discountRate":20,"promo":"","orgPrice":8.5}},"categoryIds":["c-winter","c-healthy-living","c-health--beauty"],"similarProductIds":[]},{"id":"oil-garden-breathe-easier-chest-rub-stick-12g","name":"Breathe Easier Chest Rub Stick","brand":"Oil Garden","imageUrls":["https://shop.coles.com.au/wcsstore/Coles-CAS/images/3/7/3/3733642.jpg"],"storeId":"coles","packageSize":"12g","cupPrice":"$70.00 per 100G","locations":{"VIC":{"price":8.4,"discountRate":30,"promo":"","orgPrice":12}},"categoryIds":["c-winter","c-health--beauty"],"similarProductIds":[]},{"id":"otrivin-seawater-euc-0-9-nms-20ml-x6","name":"Seawater","brand":"Otrivin","imageUrls":["https://shop.coles.com.au/wcsstore/Coles-CAS/images/3/7/3/3733631.jpg"],"storeId":"coles","packageSize":"20mL","cupPrice":"$30.00 per 100mL","locations":{"VIC":{"price":6,"discountRate":25,"promo":"","orgPrice":8}},"categoryIds":["c-winter","c-health--beauty"],"similarProductIds":[]},{"id":"sambucol-liquid-cold-flu","name":"Cold & Flu Liquid","brand":"Sambucol","imageUrls":["https://shop.coles.com.au/wcsstore/Coles-CAS/images/7/4/8/7484426.jpg"],"storeId":"coles","packageSize":"120mL","cupPrice":"$11.25 per 100mL","locations":{"VIC":{"price":13.5,"discountRate":25,"promo":"","orgPrice":18}},"categoryIds":["c-winter","c-healthy-living","c-health--beauty"],"similarProductIds":[]},{"id":"sambucol-capsules-cold-flu","name":"Cold & Flu Capsules","brand":"Sambucol","imageUrls":["https://shop.coles.com.au/wcsstore/Coles-CAS/images/7/4/8/7484583.jpg"],"storeId":"coles","packageSize":"24 pack","cupPrice":"$0.59 per 1Ea","locations":{"VIC":{"price":14.25,"discountRate":25,"promo":"","orgPrice":19}},"categoryIds":["c-winter","c-health--beauty"],"similarProductIds":[]},{"id":"sambucol-kids-liquid","name":"Black Elderberry Cold & Flu Kids Liquid","brand":"Sambucol","imageUrls":["https://shop.coles.com.au/wcsstore/Coles-CAS/images/2/1/1/2110156.jpg"],"storeId":"coles","packageSize":"120mL","cupPrice":"$11.88 per 100mL","locations":{"VIC":{"price":14.25,"discountRate":25,"promo":"","orgPrice":19}},"categoryIds":["c-winter","c-health--beauty"],"similarProductIds":[]},{"id":"sambucol-cold-flu-lozenges","name":"Lozenges","brand":"Sambucol","imageUrls":["https://shop.coles.com.au/wcsstore/Coles-CAS/images/2/8/6/2864532.jpg"],"storeId":"coles","packageSize":"20 pack","cupPrice":"$0.38 per 1Ea","locations":{"VIC":{"price":7.5,"discountRate":25,"promo":"","orgPrice":10}},"categoryIds":["c-winter","c-health--beauty"],"similarProductIds":[]},{"id":"sambucol-cold-flu--pain-relief","name":"Cold & Flu+ Pain Relief","brand":"Sambucol","imageUrls":["https://shop.coles.com.au/wcsstore/Coles-CAS/images/3/1/6/3160692.jpg"],"storeId":"coles","packageSize":"24 pack","cupPrice":"$0.63 per 1Ea","locations":{"VIC":{"price":15,"discountRate":25,"promo":"","orgPrice":20}},"categoryIds":["c-winter","c-health--beauty"],"similarProductIds":[]},{"id":"strepsils-throat-lozenges-orange","name":"Orange Throat Lozenges","brand":"Strepsils","imageUrls":["https://shop.coles.com.au/wcsstore/Coles-CAS/images/6/4/2/6420348.jpg"],"storeId":"coles","packageSize":"36 pack","cupPrice":"$0.24 per 1Ea","locations":{"VIC":{"price":8.5,"discountRate":19,"promo":"","orgPrice":10.5}},"categoryIds":["c-winter","c-pantry","c-health--beauty"],"similarProductIds":[]},{"id":"strepsils-lozenges-soothing-honey--lemon","name":"Double Antibacterial  Soothing Sore Throat Lozenges Honey and Lemon","brand":"Strepsils","imageUrls":["https://shop.coles.com.au/wcsstore/Coles-CAS/images/6/4/2/6420213.jpg"],"storeId":"coles","packageSize":"36 pack","cupPrice":"$0.24 per 1Ea","locations":{"VIC":{"price":8.5,"discountRate":19,"promo":"","orgPrice":10.5}},"categoryIds":["c-winter","c-pantry","c-health--beauty"],"similarProductIds":[]},{"id":"strepsils-plus-anaesthetic-lozenges","name":"Plus Anaesthetic Sore Throat Numbing Pain Relief 36 Lozenges","brand":"Strepsils","imageUrls":["https://shop.coles.com.au/wcsstore/Coles-CAS/images/1/2/1/1216821.jpg"],"storeId":"coles","packageSize":"36 pack","cupPrice":"$12.00 per 1Ea","locations":{"VIC":{"price":12,"discountRate":20,"promo":"","orgPrice":15}},"categoryIds":["c-winter","c-pantry","c-health--beauty"],"similarProductIds":[]},{"id":"strepsils-sugar-free-lemon-lozenges","name":"Sore Throat Sugar Free Antibacterial Lemon 36 Lozenges","brand":"Strepsils","imageUrls":["https://shop.coles.com.au/wcsstore/Coles-CAS/images/2/3/7/2372196.jpg"],"storeId":"coles","packageSize":"1 pack","cupPrice":"$8.50 per 1Ea","locations":{"VIC":{"price":8.5,"discountRate":19,"promo":"","orgPrice":10.5}},"categoryIds":["c-winter","c-health--beauty"],"similarProductIds":[]},{"id":"strepsils-children-7-strawberry-sf-lozenges","name":"Sore Throat Lozenges Children 6+  Antibacterial Strawberry Sugar Free","brand":"Strepsils","imageUrls":["https://shop.coles.com.au/wcsstore/Coles-CAS/images/3/1/5/3157790.jpg"],"storeId":"coles","packageSize":"36 pack","cupPrice":"$0.24 per 1Ea","locations":{"VIC":{"price":8.5,"discountRate":19,"promo":"","orgPrice":10.5}},"categoryIds":["c-winter","c-health--beauty"],"similarProductIds":[]},{"id":"strepsils-extra-lozenges-honey-lemon-3417970p","name":"Extra Honey and Lemon Fast Numbing Sore Throat Pain Relief with Anaesthetic 36 Lozenges","brand":"Strepsils","imageUrls":["https://shop.coles.com.au/wcsstore/Coles-CAS/images/3/4/1/3417970.jpg"],"storeId":"coles","packageSize":"1 pack","cupPrice":"$12.00 per 1Ea","locations":{"VIC":{"price":12,"discountRate":20,"promo":"","orgPrice":15}},"categoryIds":["c-winter","c-health--beauty"],"similarProductIds":[]},{"id":"sudafed-pe-tablets-nasal-decongestant","name":"PE Nasal Decongestant Tablets","brand":"Sudafed","imageUrls":["https://shop.coles.com.au/wcsstore/Coles-CAS/images/9/0/1/9013760.jpg"],"storeId":"coles","packageSize":"20 pack","cupPrice":"$0.56 per 1Ea","locations":{"VIC":{"price":11.2,"discountRate":20,"promo":"","orgPrice":14}},"categoryIds":["c-winter","c-health--beauty"],"similarProductIds":[]},{"id":"sudafed-pe-tablets-sinus--pain-relief","name":"PE Sinus + Pain Relief Tablets","brand":"Sudafed","imageUrls":["https://shop.coles.com.au/wcsstore/Coles-CAS/images/9/0/1/9013781.jpg"],"storeId":"coles","packageSize":"20 pack","cupPrice":"$0.57 per 1Ea","locations":{"VIC":{"price":11.44,"discountRate":20,"promo":"","orgPrice":14.299999999999999}},"categoryIds":["c-winter","c-health--beauty"],"similarProductIds":[]},{"id":"swisse-vitamins-ultiboost-zinc-capsules","name":"Ultiboost Zinc+ Tablets","brand":"Swisse","imageUrls":["https://shop.coles.com.au/wcsstore/Coles-CAS/images/9/1/2/9120329.jpg"],"storeId":"coles","packageSize":"60 pack","cupPrice":"$13.50 per 100Ea","locations":{"VIC":{"price":8.1,"discountRate":50,"promo":"","orgPrice":16.2}},"categoryIds":["c-winter","c-healthy-living","c-health--beauty"],"similarProductIds":[]},{"id":"swisse-ultiboost-high-strength-c-tablets","name":"High Strength C","brand":"Swisse","imageUrls":["https://shop.coles.com.au/wcsstore/Coles-CAS/images/2/8/6/2869456.jpg"],"storeId":"coles","packageSize":"150 Pack","cupPrice":"$0.13 per 1Ea","locations":{"VIC":{"price":20,"discountRate":50,"promo":"","orgPrice":40}},"categoryIds":["c-winter","c-healthy-living","c-health--beauty"],"similarProductIds":[]},{"id":"swisse-ultibiotic-daily-immune-probiotic","name":"Ultibiotic Daily Immune Probiotic Capsules","brand":"Swisse","imageUrls":["https://shop.coles.com.au/wcsstore/Coles-CAS/images/3/4/6/3469271.jpg"],"storeId":"coles","packageSize":"30 pack","cupPrice":"$53.34 per 100Ea","locations":{"VIC":{"price":16,"discountRate":50,"promo":"","orgPrice":32}},"categoryIds":["c-winter","c-healthy-living","c-health--beauty"],"similarProductIds":[]},{"id":"swisse-ultibost-vitamin-c-chewable-3758315p","name":"Ultiboost Vitamin C Chewable","brand":"Swisse","imageUrls":["https://shop.coles.com.au/wcsstore/Coles-CAS/images/3/7/5/3758315.jpg"],"storeId":"coles","packageSize":"110 pack","cupPrice":"$5.00 per 100Ea","locations":{"VIC":{"price":5.5,"discountRate":50,"promo":"","orgPrice":11}},"categoryIds":["c-winter","c-healthy-living","c-health--beauty"],"similarProductIds":[]},{"id":"swisse-ultibost-vitamin-c-effervescent","name":"Ultiboost Vitamin C Effervescent","brand":"Swisse","imageUrls":["https://shop.coles.com.au/wcsstore/Coles-CAS/images/3/7/5/3758326.jpg"],"storeId":"coles","packageSize":"20 pack","cupPrice":"$32.50 per 100Ea","locations":{"VIC":{"price":6.5,"discountRate":50,"promo":"","orgPrice":13}},"categoryIds":["c-winter","c-healthy-living","c-health--beauty"],"similarProductIds":[]},{"id":"swisse-ultibost-daily-immune-support-3758279p","name":"Ultiboost Daily Immune Support","brand":"Swisse","imageUrls":["https://shop.coles.com.au/wcsstore/Coles-CAS/images/3/7/5/3758279.jpg"],"storeId":"coles","packageSize":"60 pack","cupPrice":"$16.67 per 100Ea","locations":{"VIC":{"price":10,"discountRate":50,"promo":"","orgPrice":20}},"categoryIds":["c-winter","c-healthy-living","c-health--beauty"],"similarProductIds":[]},{"id":"swisse-ultibost-immune-action-3758280p","name":"Ultiboost Immune Action","brand":"Swisse","imageUrls":["https://shop.coles.com.au/wcsstore/Coles-CAS/images/3/7/5/3758280.jpg"],"storeId":"coles","packageSize":"60 pack","cupPrice":"$25.00 per 100Ea","locations":{"VIC":{"price":15,"discountRate":50,"promo":"","orgPrice":30}},"categoryIds":["c-winter","c-healthy-living","c-health--beauty"],"similarProductIds":[]},{"id":"telfast-60mg-20-tablets","name":"Hayfever Allergy Relief 60mg Tablets","brand":"Telfast","imageUrls":["https://shop.coles.com.au/wcsstore/Coles-CAS/images/3/1/5/3157687.jpg"],"storeId":"coles","packageSize":"20 pack","cupPrice":"$0.48 per 1Ea","locations":{"VIC":{"price":9.6,"discountRate":20,"promo":"","orgPrice":12}},"categoryIds":["c-winter","c-health--beauty"],"similarProductIds":[]},{"id":"vicks-vapodrops-lozenges-original-menthol","name":"VapoDrops Original Menthol Lozenges","brand":"Vicks","imageUrls":["https://shop.coles.com.au/wcsstore/Coles-CAS/images/8/1/6/8161706.jpg"],"storeId":"coles","packageSize":"24 pack","cupPrice":"$0.15 per 1Ea","locations":{"VIC":{"price":3.65,"discountRate":0,"promo":"","orgPrice":3.65}},"categoryIds":["c-winter","c-health--beauty"],"similarProductIds":[]},{"id":"vicks-vapodrops-lozenges-butter-menthol","name":"VapoDrops Butter Menthol Lozenges","brand":"Vicks","imageUrls":["https://shop.coles.com.au/wcsstore/Coles-CAS/images/8/1/5/8155893.jpg"],"storeId":"coles","packageSize":"24 pack","cupPrice":"$0.15 per 1Ea","locations":{"VIC":{"price":3.65,"discountRate":0,"promo":"","orgPrice":3.65}},"categoryIds":["c-winter","c-health--beauty"],"similarProductIds":[]},{"id":"vicks-inhaler-pocket-pack","name":"Nasal Spray Decongestant Inhaler","brand":"Vicks","imageUrls":["https://shop.coles.com.au/wcsstore/Coles-CAS/images/1/6/6/166116.jpg"],"storeId":"coles","packageSize":"0.5mL","cupPrice":"$7.11 per 1Ea","locations":{"VIC":{"price":7.11,"discountRate":0,"promo":"","orgPrice":7.11}},"categoryIds":["c-winter","c-health--beauty"],"similarProductIds":[]},{"id":"vicks-vapo-rub-vaporising-ointment","name":"VapoRub Ointment Decongestant Chest Rub","brand":"Vicks","imageUrls":["https://shop.coles.com.au/wcsstore/Coles-CAS/images/1/0/1/101915.jpg"],"storeId":"coles","packageSize":"50g","cupPrice":"$14.40 per 100G","locations":{"VIC":{"price":7.2,"discountRate":10,"promo":"","orgPrice":8}},"categoryIds":["c-winter","c-health--beauty"],"similarProductIds":[]},{"id":"vicks-vapo-naturals-honey-drops","name":"VapoNaturals Honey Throat Drops","brand":"Vicks","imageUrls":["https://shop.coles.com.au/wcsstore/Coles-CAS/images/1/2/1/1218248.jpg"],"storeId":"coles","packageSize":"20 pack","cupPrice":"$0.17 per 1Ea","locations":{"VIC":{"price":3.4,"discountRate":0,"promo":"","orgPrice":3.4}},"categoryIds":["c-winter","c-health--beauty"],"similarProductIds":[]},{"id":"vicks-vapodrops-liquicentres-lozenges","name":"VapoDrops Liquicentres Burst of Mint Lozenges","brand":"Vicks","imageUrls":["https://shop.coles.com.au/wcsstore/Coles-CAS/images/9/1/2/9128557.jpg"],"storeId":"coles","packageSize":"22 pack","cupPrice":"$0.16 per 1Ea","locations":{"VIC":{"price":3.57,"discountRate":0,"promo":"","orgPrice":3.57}},"categoryIds":["c-winter","c-health--beauty"],"similarProductIds":[]},{"id":"vicks-herbal-honey-lemon-lozenges","name":"VapoDrops Honey Lemon & Menthol","brand":"Vicks","imageUrls":["https://shop.coles.com.au/wcsstore/Coles-CAS/images/2/8/6/2862130.jpg"],"storeId":"coles","packageSize":"16 pack","cupPrice":"$0.32 per 1Ea","locations":{"VIC":{"price":5.1,"discountRate":15,"promo":"","orgPrice":6}},"categoryIds":["c-winter","c-health--beauty"],"similarProductIds":[]},{"id":"vicks-vapodrops-immune-support-orange","name":"Vapodrops Immune Support Orange Menthol Lozenges","brand":"Vicks","imageUrls":["https://shop.coles.com.au/wcsstore/Coles-CAS/images/3/4/2/3427974.jpg"],"storeId":"coles","packageSize":"16 pack","cupPrice":"$0.43 per 1Ea","locations":{"VIC":{"price":6.8,"discountRate":15,"promo":"","orgPrice":8}},"categoryIds":["c-winter","c-health--beauty"],"similarProductIds":[]},{"id":"vicks-chesty-honey-kids-cough-syrup-180ml","name":"Chesty Honey Kids Cough Syrup","brand":"Vicks","imageUrls":["https://shop.coles.com.au/wcsstore/Coles-CAS/images/3/7/3/3734033.jpg"],"storeId":"coles","packageSize":"180mL","cupPrice":"$4.96 per 100mL","locations":{"VIC":{"price":8.92,"discountRate":15,"promo":"","orgPrice":10.5}},"categoryIds":["c-winter","c-health--beauty"],"similarProductIds":[]},{"id":"vicks-vapodrops-anti-inflammatory-lemon-16pk","name":"Vapodrops Anti Inflammatory Lemon","brand":"Vicks","imageUrls":["https://shop.coles.com.au/wcsstore/Coles-CAS/images/3/7/3/3733755.jpg"],"storeId":"coles","packageSize":"16 pack","cupPrice":"$0.43 per 1Ea","locations":{"VIC":{"price":6.8,"discountRate":15,"promo":"","orgPrice":8}},"categoryIds":["c-winter","c-health--beauty"],"similarProductIds":[]},{"id":"nestle-connoisseur-ice-cream-classic-vanilla","name":"Classic Vanilla Gourmet Ice Cream Tub","brand":"Connoisseur","imageUrls":["https://shop.coles.com.au/wcsstore/Coles-CAS/images/5/6/1/5615272.jpg"],"storeId":"coles","packageSize":"1L","cupPrice":"$7.50 per 1L","locations":{"VIC":{"price":7.5,"discountRate":32,"promo":"","orgPrice":11}},"categoryIds":["c-entertaining-at-home","c-frozen"],"similarProductIds":[]},{"id":"allens-minties-bag","name":"Minties","brand":"Allen's","imageUrls":["https://shop.coles.com.au/wcsstore/Coles-CAS/images/1/3/8/1385115.jpg"],"storeId":"coles","packageSize":"150g","cupPrice":"$2.00 per 100G","locations":{"VIC":{"price":3,"discountRate":17,"promo":"Any 2 $5","orgPrice":3}},"categoryIds":["c-entertaining-at-home","c-pantry"],"similarProductIds":[]},{"id":"allens-party-mix","name":"Party Mix","brand":"Allen's","imageUrls":["https://shop.coles.com.au/wcsstore/Coles-CAS/images/5/1/9/5196850.jpg"],"storeId":"coles","packageSize":"190g","cupPrice":"$1.58 per 100G","locations":{"VIC":{"price":3,"discountRate":17,"promo":"Any 2 $5","orgPrice":3}},"categoryIds":["c-entertaining-at-home","c-pantry"],"similarProductIds":[]},{"id":"old-el-paso-taco-kit-hard-n-soft","name":"Hard 'N Soft Taco Kit Mild","brand":"Old El Paso","imageUrls":["https://shop.coles.com.au/wcsstore/Coles-CAS/images/5/2/9/5293041.jpg"],"storeId":"coles","packageSize":"350g","cupPrice":"$1.43 per 100G","locations":{"VIC":{"price":5,"discountRate":29,"promo":"","orgPrice":7}},"categoryIds":["c-entertaining-at-home","c-international-foods"],"similarProductIds":[]},{"id":"mccain-potato-fries-crunchy-beer-batter-steak-frozen","name":"Frozen Steak Cut Beer Batter Chips","brand":"McCain","imageUrls":["https://shop.coles.com.au/wcsstore/Coles-CAS/images/5/0/7/5070637.jpg"],"storeId":"coles","packageSize":"750g","cupPrice":"$0.27 per 100G","locations":{"VIC":{"price":2,"discountRate":50,"promo":"","orgPrice":4}},"categoryIds":["c-entertaining-at-home","c-frozen"],"similarProductIds":[]},{"id":"schweppes-mixer-soda-water-300ml-bottles","name":"Mixers Soda Water Multipack Bottles 300mL","brand":"Schweppes","imageUrls":["https://shop.coles.com.au/wcsstore/Coles-CAS/images/7/3/5/7351965.jpg"],"storeId":"coles","packageSize":"4 pack","cupPrice":"$4.38 per 1L","locations":{"VIC":{"price":5.25,"discountRate":14,"promo":"Any 2 $9","orgPrice":5.25}},"categoryIds":["c-entertaining-at-home","c-drinks"],"similarProductIds":[]},{"id":"nobbys-nuts-peanuts-salted","name":"Salted Peanuts","brand":"Nobby's","imageUrls":["https://shop.coles.com.au/wcsstore/Coles-CAS/images/1/6/9/169828.jpg"],"storeId":"coles","packageSize":"375g","cupPrice":"$8.00 per 1Kg","locations":{"VIC":{"price":3,"discountRate":14,"promo":"","orgPrice":3.5}},"categoryIds":["c-entertaining-at-home","c-pantry"],"similarProductIds":[]},{"id":"cca-coca-cola-24x375ml-soft-drink-coke-no-sugar","name":"No Sugar Coke Multipack Cans 375mL","brand":"Coca-Cola","imageUrls":["https://shop.coles.com.au/wcsstore/Coles-CAS/images/2/9/9/2993740.jpg"],"storeId":"coles","packageSize":"24 pack","cupPrice":"$1.67 per 1L","locations":{"VIC":{"price":15,"discountRate":47,"promo":"","orgPrice":28.2}},"categoryIds":["c-entertaining-at-home","c-drinks"],"similarProductIds":[]},{"id":"schweppes-mixer-tonic-water-300ml-bottles","name":"Mixers Tonic Water Multipack Bottles 300mL","brand":"Schweppes","imageUrls":["https://shop.coles.com.au/wcsstore/Coles-CAS/images/7/3/5/7351976.jpg"],"storeId":"coles","packageSize":"4 pack","cupPrice":"$4.38 per 1L","locations":{"VIC":{"price":5.25,"discountRate":14,"promo":"Any 2 $9","orgPrice":5.25}},"categoryIds":["c-entertaining-at-home","c-drinks"],"similarProductIds":[]},{"id":"the-natural-confectionery-co-snakes","name":"Snakes","brand":"The Natural Confectionary Co.","imageUrls":["https://shop.coles.com.au/wcsstore/Coles-CAS/images/2/3/5/2351298.jpg"],"storeId":"coles","packageSize":"260g","cupPrice":"$0.77 per 100G","locations":{"VIC":{"price":2,"discountRate":50,"promo":"","orgPrice":4}},"categoryIds":["c-entertaining-at-home","c-pantry"],"similarProductIds":[]},{"id":"streets-magnum-ice-cream-almond-4-pack","name":"Magnum Almond Ice Cream Sticks 4 pack","brand":"Streets","imageUrls":["https://shop.coles.com.au/wcsstore/Coles-CAS/images/6/8/9/6893703.jpg"],"storeId":"coles","packageSize":"428mL","cupPrice":"$1.52 per 100mL","locations":{"VIC":{"price":6.5,"discountRate":28,"promo":"","orgPrice":9}},"categoryIds":["c-entertaining-at-home","c-frozen"],"similarProductIds":[]},{"id":"four-n-twenty-pies-angus-beef-frozen","name":"Frozen Angus Aussie Beef Pies 4 pack","brand":"Four'N Twenty","imageUrls":["https://shop.coles.com.au/wcsstore/Coles-CAS/images/7/7/8/7785375.jpg"],"storeId":"coles","packageSize":"760g","cupPrice":"$0.92 per 100G","locations":{"VIC":{"price":7,"discountRate":30,"promo":"","orgPrice":10}},"categoryIds":["c-entertaining-at-home","c-frozen"],"similarProductIds":[]},{"id":"philadelphia-sweet-chilli-pourover","name":"Sweet Chilli Pourover","brand":"Philadelphia","imageUrls":["https://shop.coles.com.au/wcsstore/Coles-CAS/images/3/2/7/3274487.jpg"],"storeId":"coles","packageSize":"150g","cupPrice":"$20.00 per 1Kg","locations":{"VIC":{"price":3,"discountRate":25,"promo":"","orgPrice":4}},"categoryIds":["c-entertaining-at-home","c-dairy-eggs--meals"],"similarProductIds":[]},{"id":"old-el-paso-taco-kit-stand-n-stuff-mild","name":"Stand 'N Stuff Taco Kit Mild","brand":"Old El Paso","imageUrls":["https://shop.coles.com.au/wcsstore/Coles-CAS/images/4/5/6/4565510.jpg"],"storeId":"coles","packageSize":"295g","cupPrice":"$1.69 per 100G","locations":{"VIC":{"price":5,"discountRate":29,"promo":"","orgPrice":7}},"categoryIds":["c-entertaining-at-home","c-international-foods"],"similarProductIds":[]},{"id":"streets-magnum-ice-cream-classic-4-pack","name":"Magnum Classic Ice Cream Sticks 4 pack","brand":"Streets","imageUrls":["https://shop.coles.com.au/wcsstore/Coles-CAS/images/6/8/9/6893736.jpg"],"storeId":"coles","packageSize":"428mL","cupPrice":"$1.52 per 100mL","locations":{"VIC":{"price":6.5,"discountRate":28,"promo":"","orgPrice":9}},"categoryIds":["c-entertaining-at-home","c-frozen"],"similarProductIds":[]},{"id":"schweppes-mixer-dry-ginger-300ml-bottles","name":"Dry Ginger Ale Classic Mixers Multipack Bottles 300mL","brand":"Schweppes","imageUrls":["https://shop.coles.com.au/wcsstore/Coles-CAS/images/7/3/6/7364650.jpg"],"storeId":"coles","packageSize":"4 pack","cupPrice":"$4.38 per 1L","locations":{"VIC":{"price":5.25,"discountRate":14,"promo":"Any 2 $9","orgPrice":5.25}},"categoryIds":["c-entertaining-at-home","c-drinks"],"similarProductIds":[]},{"id":"the-natural-confectionary-co-party-mix-2351265p","name":"Party Mix","brand":"The Natural Confectionary Co.","imageUrls":["https://shop.coles.com.au/wcsstore/Coles-CAS/images/2/3/5/2351265.jpg"],"storeId":"coles","packageSize":"240g","cupPrice":"$0.83 per 100G","locations":{"VIC":{"price":2,"discountRate":50,"promo":"","orgPrice":4}},"categoryIds":["c-entertaining-at-home","c-pantry"],"similarProductIds":[]},{"id":"monster-green-500ml-energy-drink","name":"Green Energy Drink Cans 500mL","brand":"Monster","imageUrls":["https://shop.coles.com.au/wcsstore/Coles-CAS/images/2/7/8/2785094.jpg"],"storeId":"coles","packageSize":"4 pack","cupPrice":"$5.85 per 1L","locations":{"VIC":{"price":11.7,"discountRate":40,"promo":"Any 2 $14","orgPrice":11.7}},"categoryIds":["c-entertaining-at-home","c-drinks"],"similarProductIds":[]},{"id":"mars-m-ms-peanut-5258947p","name":"Chocolate Peanut Bag Medium","brand":"M&M's","imageUrls":["https://shop.coles.com.au/wcsstore/Coles-CAS/images/5/2/5/5258947.jpg"],"storeId":"coles","packageSize":"180g","cupPrice":"$1.67 per 100G","locations":{"VIC":{"price":3,"discountRate":33,"promo":"","orgPrice":4.5}},"categoryIds":["c-entertaining-at-home","c-pantry"],"similarProductIds":[]},{"id":"cadbury-roses-boxed-chocolates","name":"Roses Chocolate Gift Box","brand":"Cadbury","imageUrls":["https://shop.coles.com.au/wcsstore/Coles-CAS/images/9/1/8/9185801.jpg"],"storeId":"coles","packageSize":"450g","cupPrice":"$1.72 per 100G","locations":{"VIC":{"price":7.75,"discountRate":50,"promo":"","orgPrice":15.5}},"categoryIds":["c-entertaining-at-home","c-pantry"],"similarProductIds":[]},{"id":"cadbury-sharepack-crunchie-12-treats","name":"Crunchie Chocolate Bar Multipack 12 Treats","brand":"Cadbury","imageUrls":["https://shop.coles.com.au/wcsstore/Coles-CAS/images/2/3/5/2352971.jpg"],"storeId":"coles","packageSize":"180g","cupPrice":"$1.94 per 100G","locations":{"VIC":{"price":3.5,"discountRate":30,"promo":"","orgPrice":5}},"categoryIds":["c-entertaining-at-home","c-pantry"],"similarProductIds":[]},{"id":"skittles-fruits","name":"Fruits Lollies Medium Bag","brand":"Skittles","imageUrls":["https://shop.coles.com.au/wcsstore/Coles-CAS/images/9/6/2/9628571.jpg"],"storeId":"coles","packageSize":"200g","cupPrice":"$1.50 per 100G","locations":{"VIC":{"price":3,"discountRate":33,"promo":"","orgPrice":4.5}},"categoryIds":["c-entertaining-at-home","c-pantry"],"similarProductIds":[]},{"id":"arnotts-original-bbq-shapes","name":"Original BBQ Shapes","brand":"Arnott's","imageUrls":["https://shop.coles.com.au/wcsstore/Coles-CAS/images/2/7/3/2734446.jpg"],"storeId":"coles","packageSize":"175g","cupPrice":"$1.83 per 100G","locations":{"VIC":{"price":3.2,"discountRate":22,"promo":"Any 2 $5","orgPrice":3.2}},"categoryIds":["c-entertaining-at-home","c-pantry"],"similarProductIds":[]},{"id":"balfours-pies-traditional-frozen","name":"Frozen Traditional Square Meat Pies 4 pack","brand":"Balfours","imageUrls":["https://shop.coles.com.au/wcsstore/Coles-CAS/images/6/0/7/6070086.jpg"],"storeId":"coles","packageSize":"680g","cupPrice":"$0.94 per 100G","locations":{"VIC":{"price":6.4,"discountRate":20,"promo":"","orgPrice":8}},"categoryIds":["c-entertaining-at-home","c-frozen"],"similarProductIds":[]},{"id":"nestle-chocolate-block-kit-kat-milk","name":"KitKat Milk Chocolate Block","brand":"Nestle","imageUrls":["https://shop.coles.com.au/wcsstore/Coles-CAS/images/5/8/7/5872479.jpg"],"storeId":"coles","packageSize":"170g","cupPrice":"$1.76 per 100G","locations":{"VIC":{"price":3,"discountRate":33,"promo":"","orgPrice":4.5}},"categoryIds":["c-entertaining-at-home","c-pantry"],"similarProductIds":[]},{"id":"cascade-mini-mixers-lemon-lime-bitters-200ml","name":"Mini Mixers Lemon, Lime & Bitters Multipack Cans 200mL","brand":"Cascade","imageUrls":["https://shop.coles.com.au/wcsstore/Coles-CAS/images/2/7/7/2778270.jpg"],"storeId":"coles","packageSize":"4 pack","cupPrice":"$5.00 per 1L","locations":{"VIC":{"price":4,"discountRate":38,"promo":"Any 2 $5","orgPrice":4}},"categoryIds":["c-entertaining-at-home","c-drinks"],"similarProductIds":[]},{"id":"allens-snakes-alive","name":"Snakes Alive","brand":"Allen's","imageUrls":["https://shop.coles.com.au/wcsstore/Coles-CAS/images/9/5/3/9530138.jpg"],"storeId":"coles","packageSize":"200g","cupPrice":"$1.50 per 100G","locations":{"VIC":{"price":3,"discountRate":17,"promo":"Any 2 $5","orgPrice":3}},"categoryIds":["c-entertaining-at-home","c-pantry"],"similarProductIds":[]},{"id":"balfours-pies-party-frozen","name":"Frozen Party Pies 12 pack","brand":"Balfours","imageUrls":["https://shop.coles.com.au/wcsstore/Coles-CAS/images/9/5/5/9550521.jpg"],"storeId":"coles","packageSize":"600g","cupPrice":"$1.07 per 100G","locations":{"VIC":{"price":6.4,"discountRate":20,"promo":"","orgPrice":8}},"categoryIds":["c-entertaining-at-home","c-frozen"],"similarProductIds":[]},{"id":"arnotts-biscuits-shapes-chicken-crimpy","name":"Chicken Crimpy Shapes","brand":"Arnott's","imageUrls":["https://shop.coles.com.au/wcsstore/Coles-CAS/images/8/6/3/8638285.jpg"],"storeId":"coles","packageSize":"175g","cupPrice":"$1.83 per 100G","locations":{"VIC":{"price":3.2,"discountRate":22,"promo":"Any 2 $5","orgPrice":3.2}},"categoryIds":["c-entertaining-at-home","c-pantry"],"similarProductIds":[]},{"id":"nestle-milkybar-block-chocolate","name":"Milkybar White Chocolate Block","brand":"Nestle","imageUrls":["https://shop.coles.com.au/wcsstore/Coles-CAS/images/7/7/6/7767770.jpg"],"storeId":"coles","packageSize":"180g","cupPrice":"$1.67 per 100G","locations":{"VIC":{"price":3,"discountRate":33,"promo":"","orgPrice":4.5}},"categoryIds":["c-entertaining-at-home","c-pantry"],"similarProductIds":[]},{"id":"cascade-mini-mixers-lemon-soda-lime-200ml","name":"Soda Water & Lime Multipack Mini Cans 200mL","brand":"Cascade","imageUrls":["https://shop.coles.com.au/wcsstore/Coles-CAS/images/2/7/7/2778281.jpg"],"storeId":"coles","packageSize":"4 Pack","cupPrice":"$5.00 per 1L","locations":{"VIC":{"price":4,"discountRate":38,"promo":"Any 2 $5","orgPrice":4}},"categoryIds":["c-entertaining-at-home","c-drinks"],"similarProductIds":[]},{"id":"allens-kool-mints-1385126p","name":"Kool Mints","brand":"Allen's","imageUrls":["https://shop.coles.com.au/wcsstore/Coles-CAS/images/1/3/8/1385126.jpg"],"storeId":"coles","packageSize":"150g","cupPrice":"$2.00 per 100G","locations":{"VIC":{"price":3,"discountRate":17,"promo":"Any 2 $5","orgPrice":3}},"categoryIds":["c-entertaining-at-home","c-pantry"],"similarProductIds":[]},{"id":"arnotts-hot-dog-shapes","name":"Original Pizza Shapes","brand":"Arnott's","imageUrls":["https://shop.coles.com.au/wcsstore/Coles-CAS/images/2/7/3/2734457.jpg"],"storeId":"coles","packageSize":"190g","cupPrice":"$1.68 per 100G","locations":{"VIC":{"price":3.2,"discountRate":22,"promo":"Any 2 $5","orgPrice":3.2}},"categoryIds":["c-entertaining-at-home","c-pantry"],"similarProductIds":[]},{"id":"deep-spring-mineral-water-orange-passionfruit","name":"Orange & Passionfruit Flavoured Sparkling Mineral Water","brand":"Deep Spring","imageUrls":["https://shop.coles.com.au/wcsstore/Coles-CAS/images/4/0/8/408816.jpg"],"storeId":"coles","packageSize":"1.25L","cupPrice":"$0.80 per 1L","locations":{"VIC":{"price":1,"discountRate":0,"promo":"","orgPrice":1}},"categoryIds":["c-entertaining-at-home","c-drinks"],"similarProductIds":[]},{"id":"cascade-mini-mixers-ginger-beer-200ml","name":"Mini Mixers Ginger Beer Can 200mL","brand":"Cascade","imageUrls":["https://shop.coles.com.au/wcsstore/Coles-CAS/images/2/7/9/2794109.jpg"],"storeId":"coles","packageSize":"4 Pack","cupPrice":"$5.00 per 1L","locations":{"VIC":{"price":4,"discountRate":38,"promo":"Any 2 $5","orgPrice":4}},"categoryIds":["c-entertaining-at-home","c-drinks"],"similarProductIds":[]},{"id":"arnotts-crispbread-salada-original","name":"Original Salada","brand":"Arnott's","imageUrls":["https://shop.coles.com.au/wcsstore/Coles-CAS/images/3/2/9/329800.jpg"],"storeId":"coles","packageSize":"250g","cupPrice":"$1.00 per 100G","locations":{"VIC":{"price":2.5,"discountRate":22,"promo":"","orgPrice":3.2}},"categoryIds":["c-entertaining-at-home","c-pantry"],"similarProductIds":[]},{"id":"v-original-green-energy-drink-4-x-275ml-cans","name":"Original Green Energy Drink 275mL Cans","brand":"V","imageUrls":["https://shop.coles.com.au/wcsstore/Coles-CAS/images/2/3/8/2383341.jpg"],"storeId":"coles","packageSize":"4 pack","cupPrice":"$8.50 per 1L","locations":{"VIC":{"price":9.35,"discountRate":36,"promo":"Any 2 $12","orgPrice":9.35}},"categoryIds":["c-entertaining-at-home","c-drinks"],"similarProductIds":[]},{"id":"arnotts-crispbread-cruskits-original","name":"Original Cruskits","brand":"Arnott's","imageUrls":["https://shop.coles.com.au/wcsstore/Coles-CAS/images/3/5/8/358682.jpg"],"storeId":"coles","packageSize":"125g","cupPrice":"$2.00 per 100G","locations":{"VIC":{"price":2.5,"discountRate":0,"promo":"","orgPrice":2.5}},"categoryIds":["c-entertaining-at-home","c-pantry"],"similarProductIds":[]},{"id":"cadbury-caramello-koala-sharepack-12-treats","name":"Caramello Koala Chocolate Multipack 12 Treats","brand":"Cadbury","imageUrls":["https://shop.coles.com.au/wcsstore/Coles-CAS/images/2/3/5/2353056.jpg"],"storeId":"coles","packageSize":"180g","cupPrice":"$1.94 per 100G","locations":{"VIC":{"price":3.5,"discountRate":30,"promo":"","orgPrice":5}},"categoryIds":["c-entertaining-at-home","c-pantry"],"similarProductIds":[]},{"id":"belvita-biscuits-breakfast-milk-cereals-6-pack","name":"Milk and Cereals Breakfast Biscuits 6 Pack","brand":"Belvita","imageUrls":["https://shop.coles.com.au/wcsstore/Coles-CAS/images/9/1/0/9109880.jpg"],"storeId":"coles","packageSize":"300g","cupPrice":"$0.67 per 100G","locations":{"VIC":{"price":2,"discountRate":50,"promo":"","orgPrice":4}},"categoryIds":["c-entertaining-at-home","c-pantry"],"similarProductIds":[]},{"id":"bulla-fruit-n-yoghurt-frozen-yoghurt-variety-97%25-fat-free","name":"Frozen Multi Flavoured Yoghurt Sticks 8 pack","brand":"Bulla","imageUrls":["https://shop.coles.com.au/wcsstore/Coles-CAS/images/6/7/4/6749810.jpg"],"storeId":"coles","packageSize":"472g","cupPrice":"$1.06 per 100G","locations":{"VIC":{"price":5,"discountRate":29,"promo":"","orgPrice":7}},"categoryIds":["c-entertaining-at-home","c-frozen"],"similarProductIds":[]},{"id":"red-bull-drink-energy-250ml-cans-9043363p","name":"Energy Drink Multipack 250mL","brand":"Red Bull","imageUrls":["https://shop.coles.com.au/wcsstore/Coles-CAS/images/9/0/4/9043363.jpg"],"storeId":"coles","packageSize":"4 pack","cupPrice":"$10.20 per 1L","locations":{"VIC":{"price":10.2,"discountRate":36,"promo":"Any 2 $13","orgPrice":10.2}},"categoryIds":["c-entertaining-at-home","c-drinks"],"similarProductIds":[]},{"id":"arnotts-crispbread-cruskits-light","name":"Light Cruskits","brand":"Arnott's","imageUrls":["https://shop.coles.com.au/wcsstore/Coles-CAS/images/9/6/1/9611783.jpg"],"storeId":"coles","packageSize":"125g","cupPrice":"$2.00 per 100G","locations":{"VIC":{"price":2.5,"discountRate":0,"promo":"","orgPrice":2.5}},"categoryIds":["c-entertaining-at-home","c-pantry"],"similarProductIds":[]},{"id":"arnotts-biscuits-shapes-cheddar","name":"Cheddar Shapes","brand":"Arnott's","imageUrls":["https://shop.coles.com.au/wcsstore/Coles-CAS/images/8/6/3/8638263.jpg"],"storeId":"coles","packageSize":"175g","cupPrice":"$1.83 per 100G","locations":{"VIC":{"price":3.2,"discountRate":22,"promo":"Any 2 $5","orgPrice":3.2}},"categoryIds":["c-entertaining-at-home","c-pantry"],"similarProductIds":[]},{"id":"coca-cola-soft-drink-coke-375ml-cans-7365777p","name":"Classic Coke Multipack Cans 375mL","brand":"Coca-Cola","imageUrls":["https://shop.coles.com.au/wcsstore/Coles-CAS/images/7/3/6/7365777.jpg"],"storeId":"coles","packageSize":"24 pack","cupPrice":"$1.67 per 1L","locations":{"VIC":{"price":15,"discountRate":47,"promo":"","orgPrice":28.2}},"categoryIds":["c-entertaining-at-home","c-drinks"],"similarProductIds":[]},{"id":"steggles-chicken-breast-crumbed-tenders","name":"Frozen Crumbed Chicken Breast Tenders","brand":"Steggles","imageUrls":["https://shop.coles.com.au/wcsstore/Coles-CAS/images/8/4/3/8434627.jpg"],"storeId":"coles","packageSize":"400g","cupPrice":"$11.25 per 1Kg","locations":{"VIC":{"price":4.5,"discountRate":50,"promo":"","orgPrice":9}},"categoryIds":["c-entertaining-at-home","c-frozen"],"similarProductIds":[]},{"id":"steggles-chicken-kiev-garlic","name":"Frozen Garlic Chicken Kiev","brand":"Steggles","imageUrls":["https://shop.coles.com.au/wcsstore/Coles-CAS/images/1/2/4/1248136.jpg"],"storeId":"coles","packageSize":"350g","cupPrice":"$2.17 per 100G","locations":{"VIC":{"price":7.6,"discountRate":20,"promo":"","orgPrice":9.5}},"categoryIds":["c-entertaining-at-home","c-frozen"],"similarProductIds":[]},{"id":"old-el-paso-taco-kit-soft","name":"Soft Taco Kit Mild","brand":"Old El Paso","imageUrls":["https://shop.coles.com.au/wcsstore/Coles-CAS/images/5/5/4/5540231.jpg"],"storeId":"coles","packageSize":"405g","cupPrice":"$1.23 per 100G","locations":{"VIC":{"price":5,"discountRate":0,"promo":"","orgPrice":5}},"categoryIds":["c-entertaining-at-home","c-international-foods"],"similarProductIds":[]},{"id":"cca-coca-cola-8x200ml-soft-drink-coke-no-sugar","name":"No Sugar Coke Mini Multipack Cans 200mL","brand":"Coca-Cola","imageUrls":["https://shop.coles.com.au/wcsstore/Coles-CAS/images/2/9/9/2993717.jpg"],"storeId":"coles","packageSize":"8 pack","cupPrice":"$3.75 per 1L","locations":{"VIC":{"price":6,"discountRate":29,"promo":"","orgPrice":8.5}},"categoryIds":["c-entertaining-at-home","c-drinks"],"similarProductIds":[]},{"id":"coca-cola-soft-drink-coke-no-sugar","name":"No Sugar Coke","brand":"Coca-Cola","imageUrls":["https://shop.coles.com.au/wcsstore/Coles-CAS/images/3/0/2/3029790.jpg"],"storeId":"coles","packageSize":"2L","cupPrice":"$1.00 per 1L","locations":{"VIC":{"price":2,"discountRate":27,"promo":"","orgPrice":2.75}},"categoryIds":["c-entertaining-at-home","c-drinks"],"similarProductIds":[]},{"id":"ritz-crackers-original","name":"Original Crackers","brand":"Ritz","imageUrls":["https://shop.coles.com.au/wcsstore/Coles-CAS/images/3/1/5/3151487.jpg"],"storeId":"coles","packageSize":"300g","cupPrice":"$0.80 per 100G","locations":{"VIC":{"price":2.4,"discountRate":20,"promo":"","orgPrice":3}},"categoryIds":["c-entertaining-at-home","c-pantry"],"similarProductIds":[]},{"id":"arnotts-shapes-crackers-vegemite-cheese","name":"Shapes Vegemite & Cheese Crackers","brand":"Arnott's","imageUrls":["https://shop.coles.com.au/wcsstore/Coles-CAS/images/3/4/1/3410960.jpg"],"storeId":"coles","packageSize":"165g","cupPrice":"$1.94 per 100G","locations":{"VIC":{"price":3.2,"discountRate":22,"promo":"Any 2 $5","orgPrice":3.2}},"categoryIds":["c-entertaining-at-home","c-pantry"],"similarProductIds":[]},{"id":"cadbury-old-gold-70%25-cocoa-chocolate-block","name":"Old Gold 70% Cocoa Dark Chocolate Block","brand":"Cadbury","imageUrls":["https://shop.coles.com.au/wcsstore/Coles-CAS/images/2/3/5/2350579.jpg"],"storeId":"coles","packageSize":"180g","cupPrice":"$1.94 per 100G","locations":{"VIC":{"price":3.5,"discountRate":30,"promo":"","orgPrice":5}},"categoryIds":["c-entertaining-at-home","c-pantry"],"similarProductIds":[]},{"id":"cca-coca-cola-10x375ml-soft-drink-coke-no-sugar","name":"No Sugar Coke Multipack Cans 375mL","brand":"Coca-Cola","imageUrls":["https://shop.coles.com.au/wcsstore/Coles-CAS/images/2/9/9/2993739.jpg"],"storeId":"coles","packageSize":"10 Pack","cupPrice":"$3.28 per 1L","locations":{"VIC":{"price":12.3,"discountRate":43,"promo":"Any 2 $14","orgPrice":12.3}},"categoryIds":["c-entertaining-at-home","c-drinks"],"similarProductIds":[]},{"id":"old-el-paso-burrito-tortillas-10-pack","name":"Regular Tortillas Burrito 10 pack","brand":"Old El Paso","imageUrls":["https://shop.coles.com.au/wcsstore/Coles-CAS/images/7/6/1/7610214.jpg"],"storeId":"coles","packageSize":"400g","cupPrice":"$0.85 per 100G","locations":{"VIC":{"price":3.4,"discountRate":21,"promo":"","orgPrice":4.3}},"categoryIds":["c-entertaining-at-home","c-bread--bakery","c-international-foods"],"similarProductIds":[]},{"id":"old-el-paso-fajita-kit","name":"Fajita Kit Mild","brand":"Old El Paso","imageUrls":["https://shop.coles.com.au/wcsstore/Coles-CAS/images/5/0/3/5030450.jpg"],"storeId":"coles","packageSize":"485g","cupPrice":"$1.03 per 100G","locations":{"VIC":{"price":5,"discountRate":0,"promo":"","orgPrice":5}},"categoryIds":["c-entertaining-at-home","c-international-foods"],"similarProductIds":[]},{"id":"yumis-dip-hommus-middle-eastern-classic","name":"Gluten Free Traditional Middle Eastern Hommus Dip","brand":"Yumi's","imageUrls":["https://shop.coles.com.au/wcsstore/Coles-CAS/images/8/6/7/8670914.jpg"],"storeId":"coles","packageSize":"200g","cupPrice":"$2.00 per 100G","locations":{"VIC":{"price":4,"discountRate":25,"promo":"Any 2 $6","orgPrice":4}},"categoryIds":["c-entertaining-at-home","c-dairy-eggs--meals"],"similarProductIds":[]},{"id":"arnotts-crispbread-cruskits-rye","name":"Rye Cruskits","brand":"Arnott's","imageUrls":["https://shop.coles.com.au/wcsstore/Coles-CAS/images/9/6/1/9611772.jpg"],"storeId":"coles","packageSize":"125g","cupPrice":"$2.00 per 100G","locations":{"VIC":{"price":2.5,"discountRate":0,"promo":"","orgPrice":2.5}},"categoryIds":["c-entertaining-at-home","c-pantry"],"similarProductIds":[]},{"id":"arnotts-biscuits-shapes-savoury","name":"Savoury Shapes","brand":"Arnott's","imageUrls":["https://shop.coles.com.au/wcsstore/Coles-CAS/images/8/6/3/8638300.jpg"],"storeId":"coles","packageSize":"185g","cupPrice":"$1.73 per 100G","locations":{"VIC":{"price":3.2,"discountRate":22,"promo":"Any 2 $5","orgPrice":3.2}},"categoryIds":["c-entertaining-at-home","c-pantry"],"similarProductIds":[]},{"id":"coca-cola-soft-drink-coke-191736p","name":"Classic Coke","brand":"Coca-Cola","imageUrls":["https://shop.coles.com.au/wcsstore/Coles-CAS/images/1/9/1/191736.jpg"],"storeId":"coles","packageSize":"2L","cupPrice":"$1.00 per 1L","locations":{"VIC":{"price":2,"discountRate":0,"promo":"","orgPrice":2}},"categoryIds":["c-entertaining-at-home","c-drinks"],"similarProductIds":[]},{"id":"don-ham-english-shaved","name":"English Style Sliced Leg Ham","brand":"Don","imageUrls":["https://shop.coles.com.au/wcsstore/Coles-CAS/images/7/4/3/7433232.jpg"],"storeId":"coles","packageSize":"250g","cupPrice":"$12.80 per 1Kg","locations":{"VIC":{"price":3.2,"discountRate":0,"promo":"","orgPrice":3.2}},"categoryIds":["c-entertaining-at-home","c-meat-seafood--deli","c-dairy-eggs--meals"],"similarProductIds":[]},{"id":"bulla-ice-cream-splits-variety-pack","name":"Splits Multi Flavoured Ice Cream Sticks 10 pack","brand":"Bulla","imageUrls":["https://shop.coles.com.au/wcsstore/Coles-CAS/images/5/8/9/5892294.jpg"],"storeId":"coles","packageSize":"750mL","cupPrice":"$0.67 per 100mL","locations":{"VIC":{"price":5,"discountRate":29,"promo":"","orgPrice":7}},"categoryIds":["c-entertaining-at-home","c-frozen"],"similarProductIds":[]},{"id":"doritos-late-night-corn-chips-taco","name":"Buffalo Wings","brand":"Doritos","imageUrls":["https://shop.coles.com.au/wcsstore/Coles-CAS/images/2/8/7/2872519.jpg"],"storeId":"coles","packageSize":"150g","cupPrice":"$1.17 per 100G","locations":{"VIC":{"price":1.75,"discountRate":50,"promo":"","orgPrice":3.5}},"categoryIds":["c-entertaining-at-home","c-pantry"],"similarProductIds":[]},{"id":"masterfoods-tomato-sauce-squeeze","name":"Tomato Sauce","brand":"MasterFoods","imageUrls":["https://shop.coles.com.au/wcsstore/Coles-CAS/images/7/7/1/7717331.jpg"],"storeId":"coles","packageSize":"500mL","cupPrice":"$0.40 per 100mL","locations":{"VIC":{"price":2,"discountRate":32,"promo":"","orgPrice":2.95}},"categoryIds":["c-entertaining-at-home","c-pantry"],"similarProductIds":[]},{"id":"masterfoods-tomato-sauce-squeeze-salt-reduced","name":"Salt Reduced Tomato Sauce","brand":"MasterFoods","imageUrls":["https://shop.coles.com.au/wcsstore/Coles-CAS/images/5/4/2/5427895.jpg"],"storeId":"coles","packageSize":"475mL","cupPrice":"$0.42 per 100mL","locations":{"VIC":{"price":2,"discountRate":32,"promo":"","orgPrice":2.95}},"categoryIds":["c-entertaining-at-home","c-pantry"],"similarProductIds":[]},{"id":"coles-beef-thyme-and-parsley-burgers","name":"Beef Thyme And Parsley Burgers","brand":"Coles","imageUrls":["https://shop.coles.com.au/wcsstore/Coles-CAS/images/3/0/3/3034348.jpg"],"storeId":"coles","packageSize":"500g","cupPrice":"$15.00 per 1Kg","locations":{"VIC":{"price":7.5,"discountRate":20,"promo":"Any 2 $12","orgPrice":7.5}},"categoryIds":["c-entertaining-at-home","c-meat-seafood--deli"],"similarProductIds":[]},{"id":"darrell-lea-bullets-milk-choc-liquorice","name":"Bullet Milk Chocolate Liquorice","brand":"Darrell Lea","imageUrls":["https://shop.coles.com.au/wcsstore/Coles-CAS/images/3/4/4/3448384.jpg"],"storeId":"coles","packageSize":"250g","cupPrice":"$1.20 per 100G","locations":{"VIC":{"price":3,"discountRate":25,"promo":"","orgPrice":4}},"categoryIds":["c-entertaining-at-home","c-pantry"],"similarProductIds":[]},{"id":"don-ham-double-smoked-shaved","name":"Double Smoked Sliced Leg Ham","brand":"Don","imageUrls":["https://shop.coles.com.au/wcsstore/Coles-CAS/images/7/4/3/7433265.jpg"],"storeId":"coles","packageSize":"250g","cupPrice":"$12.80 per 1Kg","locations":{"VIC":{"price":3.2,"discountRate":0,"promo":"","orgPrice":3.2}},"categoryIds":["c-entertaining-at-home","c-meat-seafood--deli","c-dairy-eggs--meals"],"similarProductIds":[]},{"id":"kettle-potato-chips-sea-salt-vinegar","name":"Sea Salt & Vinegar Potato Chips","brand":"Kettle","imageUrls":["https://shop.coles.com.au/wcsstore/Coles-CAS/images/8/1/5/8156557.jpg"],"storeId":"coles","packageSize":"175g","cupPrice":"$1.33 per 100G","locations":{"VIC":{"price":2.32,"discountRate":50,"promo":"","orgPrice":4.65}},"categoryIds":["c-entertaining-at-home","c-pantry"],"similarProductIds":[]},{"id":"kettle-natural-potato-chips-chilli","name":"Chilli Potato Chips","brand":"Kettle","imageUrls":["https://shop.coles.com.au/wcsstore/Coles-CAS/images/9/1/3/9139724.jpg"],"storeId":"coles","packageSize":"175g","cupPrice":"$1.33 per 100G","locations":{"VIC":{"price":2.32,"discountRate":50,"promo":"","orgPrice":4.65}},"categoryIds":["c-entertaining-at-home","c-pantry"],"similarProductIds":[]},{"id":"the-natural-confectionary-co-dinosaurs-2351276p","name":"Dinosaurs","brand":"The Natural Confectionary Co.","imageUrls":["https://shop.coles.com.au/wcsstore/Coles-CAS/images/2/3/5/2351276.jpg"],"storeId":"coles","packageSize":"260g","cupPrice":"$0.77 per 100G","locations":{"VIC":{"price":2,"discountRate":50,"promo":"","orgPrice":4}},"categoryIds":["c-entertaining-at-home","c-pantry"],"similarProductIds":[]},{"id":"arnotts-crispbread-cruskits-corn","name":"Corn Cruskits","brand":"Arnott's","imageUrls":["https://shop.coles.com.au/wcsstore/Coles-CAS/images/9/0/7/9079462.jpg"],"storeId":"coles","packageSize":"125g","cupPrice":"$2.00 per 100G","locations":{"VIC":{"price":2.5,"discountRate":0,"promo":"","orgPrice":2.5}},"categoryIds":["c-entertaining-at-home","c-pantry"],"similarProductIds":[]},{"id":"arnotts-biscuits-shapes-nacho-cheese","name":"Nacho Cheese Shapes","brand":"Arnott's","imageUrls":["https://shop.coles.com.au/wcsstore/Coles-CAS/images/5/5/9/5591888.jpg"],"storeId":"coles","packageSize":"160g","cupPrice":"$2.00 per 100G","locations":{"VIC":{"price":3.2,"discountRate":22,"promo":"Any 2 $5","orgPrice":3.2}},"categoryIds":["c-entertaining-at-home","c-pantry"],"similarProductIds":[]},{"id":"bulla-crunch-ice-cream-variety-pack","name":"Crunch Multi Flavoured Ice Cream Sticks 8 pack","brand":"Bulla","imageUrls":["https://shop.coles.com.au/wcsstore/Coles-CAS/images/5/9/7/5974719.jpg"],"storeId":"coles","packageSize":"631mL","cupPrice":"$0.79 per 100mL","locations":{"VIC":{"price":5,"discountRate":29,"promo":"","orgPrice":7}},"categoryIds":["c-entertaining-at-home","c-frozen"],"similarProductIds":[]},{"id":"mccain-potato-fries-beer-battered-thin-crispy-frozen","name":"Frozen Shoestring Beer Batter Chips","brand":"McCain","imageUrls":["https://shop.coles.com.au/wcsstore/Coles-CAS/images/5/8/4/5841023.jpg"],"storeId":"coles","packageSize":"750g","cupPrice":"$0.27 per 100G","locations":{"VIC":{"price":2,"discountRate":50,"promo":"","orgPrice":4}},"categoryIds":["c-entertaining-at-home","c-frozen"],"similarProductIds":[]},{"id":"pepsi-max-soft-drink-cola-5441863p","name":"Max Soft Drink","brand":"Pepsi","imageUrls":["https://shop.coles.com.au/wcsstore/Coles-CAS/images/5/4/4/5441863.jpg"],"storeId":"coles","packageSize":"1.25L","cupPrice":"$1.36 per 1L","locations":{"VIC":{"price":1.7,"discountRate":23,"promo":"","orgPrice":2.2}},"categoryIds":["c-entertaining-at-home","c-drinks"],"similarProductIds":[]},{"id":"streets-magnum-minis-ice-cream-classic","name":"Magnum Classic Mini Ice Cream Sticks 6 Pack","brand":"Streets","imageUrls":["https://shop.coles.com.au/wcsstore/Coles-CAS/images/9/0/9/9091344.jpg"],"storeId":"coles","packageSize":"360mL","cupPrice":"$1.81 per 100mL","locations":{"VIC":{"price":6.5,"discountRate":28,"promo":"","orgPrice":9}},"categoryIds":["c-entertaining-at-home","c-frozen"],"similarProductIds":[]},{"id":"cadbury-old-gold-roast-almond-chocolate-block","name":"Old Gold Roast Almond Dark Chocolate Block","brand":"Cadbury","imageUrls":["https://shop.coles.com.au/wcsstore/Coles-CAS/images/2/3/5/2350535.jpg"],"storeId":"coles","packageSize":"180g","cupPrice":"$1.94 per 100G","locations":{"VIC":{"price":3.5,"discountRate":30,"promo":"","orgPrice":5}},"categoryIds":["c-entertaining-at-home","c-pantry"],"similarProductIds":[]},{"id":"mission-deli-style-white-strip-corn-chips","name":"Deli Style White Corn Strips","brand":"Mission","imageUrls":["https://shop.coles.com.au/wcsstore/Coles-CAS/images/2/9/2/2921830.jpg"],"storeId":"coles","packageSize":"500g","cupPrice":"$0.88 per 100G","locations":{"VIC":{"price":4.4,"discountRate":20,"promo":"","orgPrice":5.5}},"categoryIds":["c-entertaining-at-home","c-international-foods"],"similarProductIds":[]},{"id":"smiths-potato-chips-salt-vinegar-60g","name":"Salt & Vinegar Crinkle Potato Chips","brand":"Smith's","imageUrls":["https://shop.coles.com.au/wcsstore/Coles-CAS/images/2/8/7/2873169.jpg"],"storeId":"coles","packageSize":"60g","cupPrice":"$2.50 per 100G","locations":{"VIC":{"price":1.5,"discountRate":29,"promo":"","orgPrice":2.1}},"categoryIds":["c-entertaining-at-home","c-pantry"],"similarProductIds":[]},{"id":"arnotts-crispbread-salada-wholemeal","name":"Wholemeal Salada","brand":"Arnott's","imageUrls":["https://shop.coles.com.au/wcsstore/Coles-CAS/images/3/2/9/329844.jpg"],"storeId":"coles","packageSize":"250g","cupPrice":"$1.00 per 100G","locations":{"VIC":{"price":2.5,"discountRate":22,"promo":"","orgPrice":3.2}},"categoryIds":["c-entertaining-at-home","c-pantry"],"similarProductIds":[]},{"id":"arnotts-biscuits-shapes-cheese-bacon","name":"Cheese & Bacon Shapes","brand":"Arnott's","imageUrls":["https://shop.coles.com.au/wcsstore/Coles-CAS/images/8/6/3/8638241.jpg"],"storeId":"coles","packageSize":"180g","cupPrice":"$1.78 per 100G","locations":{"VIC":{"price":3.2,"discountRate":22,"promo":"Any 2 $5","orgPrice":3.2}},"categoryIds":["c-entertaining-at-home","c-pantry"],"similarProductIds":[]},{"id":"coca-cola-soft-drink-diet-coke-200ml-cans","name":"Diet Coke Soft Drink Mini Can 200mL","brand":"Coca Cola","imageUrls":["https://shop.coles.com.au/wcsstore/Coles-CAS/images/7/9/1/7910014.jpg"],"storeId":"coles","packageSize":"8 pack","cupPrice":"$3.75 per 1L","locations":{"VIC":{"price":6,"discountRate":29,"promo":"","orgPrice":8.5}},"categoryIds":["c-entertaining-at-home","c-drinks"],"similarProductIds":[]},{"id":"coca-cola-soft-drink-diet-coke-375ml-cans-4561203p","name":"Diet Coke Multipack Cans 375mL","brand":"Coca-Cola","imageUrls":["https://shop.coles.com.au/wcsstore/Coles-CAS/images/4/5/6/4561203.jpg"],"storeId":"coles","packageSize":"24 pack","cupPrice":"$1.67 per 1L","locations":{"VIC":{"price":15,"discountRate":47,"promo":"","orgPrice":28.2}},"categoryIds":["c-entertaining-at-home","c-drinks"],"similarProductIds":[]},{"id":"coca-cola-soft-drink-diet-coke-418503p","name":"Diet Coke","brand":"Coca-Cola","imageUrls":["https://shop.coles.com.au/wcsstore/Coles-CAS/images/4/1/8/418503.jpg"],"storeId":"coles","packageSize":"2L","cupPrice":"$1.00 per 1L","locations":{"VIC":{"price":2,"discountRate":0,"promo":"","orgPrice":2}},"categoryIds":["c-entertaining-at-home","c-drinks"],"similarProductIds":[]},{"id":"don-ham-champagne","name":"Gluten Free Champagne Thinly Sliced Leg Ham","brand":"Don","imageUrls":["https://shop.coles.com.au/wcsstore/Coles-CAS/images/9/2/4/9242745.jpg"],"storeId":"coles","packageSize":"250g","cupPrice":"$12.80 per 1Kg","locations":{"VIC":{"price":3.2,"discountRate":0,"promo":"","orgPrice":3.2}},"categoryIds":["c-entertaining-at-home","c-meat-seafood--deli","c-dairy-eggs--meals"],"similarProductIds":[]},{"id":"kettle-sweet-chilli-sour-cream-potato-chips","name":"Sweet Chilli & Sour Cream Potato Chips","brand":"Kettle","imageUrls":["https://shop.coles.com.au/wcsstore/Coles-CAS/images/2/6/7/2670081.jpg"],"storeId":"coles","packageSize":"175g","cupPrice":"$1.33 per 100G","locations":{"VIC":{"price":2.32,"discountRate":50,"promo":"","orgPrice":4.65}},"categoryIds":["c-entertaining-at-home","c-pantry"],"similarProductIds":[]},{"id":"lilydale-chicken-mince","name":"Free Range Chicken Mince","brand":"Lilydale","imageUrls":["https://shop.coles.com.au/wcsstore/Coles-CAS/images/7/5/8/7585263.jpg"],"storeId":"coles","packageSize":"500g","cupPrice":"$15.00 per 1Kg","locations":{"VIC":{"price":7.5,"discountRate":17,"promo":"","orgPrice":9}},"categoryIds":["c-entertaining-at-home","c-meat-seafood--deli"],"similarProductIds":[]},{"id":"old-el-paso-taco-kit-mild","name":"Taco Kit Mild","brand":"Old El Paso","imageUrls":["https://shop.coles.com.au/wcsstore/Coles-CAS/images/2/9/1/291457.jpg"],"storeId":"coles","packageSize":"290g","cupPrice":"$1.72 per 100G","locations":{"VIC":{"price":5,"discountRate":0,"promo":"","orgPrice":5}},"categoryIds":["c-entertaining-at-home","c-international-foods"],"similarProductIds":[]},{"id":"schweppes-pepsi-max-375ml-cans","name":"Max Multipack Cans 375mL","brand":"Pepsi","imageUrls":["https://shop.coles.com.au/wcsstore/Coles-CAS/images/2/6/8/2684166.jpg"],"storeId":"coles","packageSize":"10 pack","cupPrice":"$1.47 per 1L","locations":{"VIC":{"price":5.52,"discountRate":50,"promo":"","orgPrice":11.05}},"categoryIds":["c-entertaining-at-home","c-drinks"],"similarProductIds":[]},{"id":"tip-top-sandwich-thins-wholemeal","name":"Thins Wholemeal Sandwich","brand":"Tip Top","imageUrls":["https://shop.coles.com.au/wcsstore/Coles-CAS/images/2/9/1/2917060.jpg"],"storeId":"coles","packageSize":"240g","cupPrice":"$1.17 per 100G","locations":{"VIC":{"price":2.8,"discountRate":20,"promo":"","orgPrice":3.5}},"categoryIds":["c-entertaining-at-home","c-bread--bakery"],"similarProductIds":[]},{"id":"black-swan-dip-spicy-capsicum","name":"Spicy Capsicum Dip","brand":"Black Swan","imageUrls":["https://shop.coles.com.au/wcsstore/Coles-CAS/images/7/6/0/7604867.jpg"],"storeId":"coles","packageSize":"200g","cupPrice":"$1.75 per 100G","locations":{"VIC":{"price":3.5,"discountRate":14,"promo":"Any 2 $6","orgPrice":3.5}},"categoryIds":["c-entertaining-at-home","c-dairy-eggs--meals"],"similarProductIds":[]},{"id":"black-swan-dip-tzatziki-skinny","name":"Skinny Tzatziki Dip","brand":"Black Swan","imageUrls":["https://shop.coles.com.au/wcsstore/Coles-CAS/images/6/8/2/6824063.jpg"],"storeId":"coles","packageSize":"200g","cupPrice":"$1.75 per 100G","locations":{"VIC":{"price":3.5,"discountRate":14,"promo":"Any 2 $6","orgPrice":3.5}},"categoryIds":["c-entertaining-at-home","c-dairy-eggs--meals"],"similarProductIds":[]},{"id":"bulla-ice-cream-choc-bars-vanilla-768ml","name":"Chocolate Coated Vanilla Ice Cream Bars 10 pack","brand":"Bulla","imageUrls":["https://shop.coles.com.au/wcsstore/Coles-CAS/images/5/9/3/5938974.jpg"],"storeId":"coles","packageSize":"768mL","cupPrice":"$0.65 per 100mL","locations":{"VIC":{"price":5,"discountRate":29,"promo":"","orgPrice":7}},"categoryIds":["c-entertaining-at-home","c-frozen"],"similarProductIds":[]},{"id":"cadbury-old-gold-jamaican-rum-raisin-chocolate-block","name":"Old Gold Jamaican Rum and Raisin Dark Chocolate Block","brand":"Cadbury","imageUrls":["https://shop.coles.com.au/wcsstore/Coles-CAS/images/2/3/5/2350557.jpg"],"storeId":"coles","packageSize":"180g","cupPrice":"$1.94 per 100G","locations":{"VIC":{"price":3.5,"discountRate":30,"promo":"","orgPrice":5}},"categoryIds":["c-entertaining-at-home","c-pantry"],"similarProductIds":[]},{"id":"nestle-connoisseur-ice-cream-cookies-cream","name":"Cookies & Cream Gourmet Ice Cream Tub","brand":"Connoisseur","imageUrls":["https://shop.coles.com.au/wcsstore/Coles-CAS/images/5/8/3/5832850.jpg"],"storeId":"coles","packageSize":"1L","cupPrice":"$0.75 per 100mL","locations":{"VIC":{"price":7.5,"discountRate":32,"promo":"","orgPrice":11}},"categoryIds":["c-entertaining-at-home","c-frozen"],"similarProductIds":[]},{"id":"nestle-connoisseur-ice-cream-belgian-choc","name":"Belgian Chocolate Gourmet Ice Cream Tub","brand":"Connoisseur","imageUrls":["https://shop.coles.com.au/wcsstore/Coles-CAS/images/8/5/9/8591487.jpg"],"storeId":"coles","packageSize":"1L","cupPrice":"$0.75 per 100mL","locations":{"VIC":{"price":7.5,"discountRate":32,"promo":"","orgPrice":11}},"categoryIds":["c-entertaining-at-home","c-frozen"],"similarProductIds":[]},{"id":"dr-oetker-ristorante-pizza-pepperoni-salami","name":"Frozen Ristorante Pepperoni Pizza","brand":"Dr. Oetker","imageUrls":["https://shop.coles.com.au/wcsstore/Coles-CAS/images/8/6/3/8634943.jpg"],"storeId":"coles","packageSize":"310g","cupPrice":"$1.77 per 100G","locations":{"VIC":{"price":5.5,"discountRate":27,"promo":"","orgPrice":7.5}},"categoryIds":["c-entertaining-at-home","c-frozen"],"similarProductIds":[]},{"id":"dr-oetker-pizza-ristorante-spinaci-(spinach)-frozen","name":"Frozen Ristorante Spinaci (Spinach) Pizza","brand":"Dr. Oetker","imageUrls":["https://shop.coles.com.au/wcsstore/Coles-CAS/images/7/3/0/7308048.jpg"],"storeId":"coles","packageSize":"390g","cupPrice":"$1.41 per 100G","locations":{"VIC":{"price":5.5,"discountRate":27,"promo":"","orgPrice":7.5}},"categoryIds":["c-entertaining-at-home","c-frozen"],"similarProductIds":[]},{"id":"kettle-honey-soy-chicken-potato-chips","name":"Honey Soy Chicken Potato Chips","brand":"Kettle","imageUrls":["https://shop.coles.com.au/wcsstore/Coles-CAS/images/1/7/9/1795310.jpg"],"storeId":"coles","packageSize":"175g","cupPrice":"$1.33 per 100G","locations":{"VIC":{"price":2.32,"discountRate":50,"promo":"","orgPrice":4.65}},"categoryIds":["c-entertaining-at-home","c-pantry"],"similarProductIds":[]},{"id":"ocean-spray-cranberry-classic-drink","name":"Classic Cranberry Juice Drink","brand":"Ocean Spray","imageUrls":["https://shop.coles.com.au/wcsstore/Coles-CAS/images/9/7/9/9793057.jpg"],"storeId":"coles","packageSize":"1.5L","cupPrice":"$3.80 per 1L","locations":{"VIC":{"price":5.7,"discountRate":39,"promo":"Any 2 $7","orgPrice":5.7}},"categoryIds":["c-entertaining-at-home","c-drinks"],"similarProductIds":[]},{"id":"old-el-paso-taco-kit-crispy-chicken","name":"Crispy Chicken Soft Taco Kit Mild","brand":"Old El Paso","imageUrls":["https://shop.coles.com.au/wcsstore/Coles-CAS/images/5/9/3/5931782.jpg"],"storeId":"coles","packageSize":"370g","cupPrice":"$1.35 per 100G","locations":{"VIC":{"price":5,"discountRate":0,"promo":"","orgPrice":5}},"categoryIds":["c-entertaining-at-home","c-international-foods"],"similarProductIds":[]},{"id":"steggles-chicken-kiev-creamy-garlic-filled","name":"Frozen Creamy Garlic Chicken Kiev","brand":"Steggles","imageUrls":["https://shop.coles.com.au/wcsstore/Coles-CAS/images/3/2/3/3230787.jpg"],"storeId":"coles","packageSize":"600g","cupPrice":"$19.33 per 1Kg","locations":{"VIC":{"price":11.6,"discountRate":20,"promo":"","orgPrice":14.5}},"categoryIds":["c-entertaining-at-home","c-frozen"],"similarProductIds":[]},{"id":"yumis-dip-classic-italian-olive","name":"Gluten Free Green Olive Classic Dip","brand":"Yumi's","imageUrls":["https://shop.coles.com.au/wcsstore/Coles-CAS/images/8/6/7/8670903.jpg"],"storeId":"coles","packageSize":"200g","cupPrice":"$2.00 per 100G","locations":{"VIC":{"price":4,"discountRate":25,"promo":"Any 2 $6","orgPrice":4}},"categoryIds":["c-entertaining-at-home","c-dairy-eggs--meals"],"similarProductIds":[]},{"id":"allens-frogs-alive","name":"Frogs Alive","brand":"Allen's","imageUrls":["https://shop.coles.com.au/wcsstore/Coles-CAS/images/5/1/9/5196806.jpg"],"storeId":"coles","packageSize":"190g","cupPrice":"$1.58 per 100G","locations":{"VIC":{"price":3,"discountRate":17,"promo":"Any 2 $5","orgPrice":3}},"categoryIds":["c-entertaining-at-home","c-pantry"],"similarProductIds":[]},{"id":"allens-chicos","name":"Chicos","brand":"Allen's","imageUrls":["https://shop.coles.com.au/wcsstore/Coles-CAS/images/9/5/3/9530207.jpg"],"storeId":"coles","packageSize":"190g","cupPrice":"$1.58 per 100G","locations":{"VIC":{"price":3,"discountRate":17,"promo":"Any 2 $5","orgPrice":3}},"categoryIds":["c-entertaining-at-home","c-pantry"],"similarProductIds":[]},{"id":"allens-killer-pythons-2090900p","name":"Killer Pythons","brand":"Allen's","imageUrls":["https://shop.coles.com.au/wcsstore/Coles-CAS/images/2/0/9/2090900.jpg"],"storeId":"coles","packageSize":"192g","cupPrice":"$1.56 per 100G","locations":{"VIC":{"price":3,"discountRate":17,"promo":"Any 2 $5","orgPrice":3}},"categoryIds":["c-entertaining-at-home","c-pantry"],"similarProductIds":[]},{"id":"allens-drumsticks","name":"Ripe Raspberries","brand":"Allen's","imageUrls":["https://shop.coles.com.au/wcsstore/Coles-CAS/images/3/1/7/3179497.jpg"],"storeId":"coles","packageSize":"190g","cupPrice":"$1.58 per 100G","locations":{"VIC":{"price":3,"discountRate":17,"promo":"Any 2 $5","orgPrice":3}},"categoryIds":["c-entertaining-at-home","c-pantry"],"similarProductIds":[]},{"id":"black-swan-dip-hommus-skinny","name":"Skinny Hommus Dip","brand":"Black Swan","imageUrls":["https://shop.coles.com.au/wcsstore/Coles-CAS/images/6/6/1/6618607.jpg"],"storeId":"coles","packageSize":"200g","cupPrice":"$1.75 per 100G","locations":{"VIC":{"price":3.5,"discountRate":14,"promo":"Any 2 $6","orgPrice":3.5}},"categoryIds":["c-entertaining-at-home","c-dairy-eggs--meals"],"similarProductIds":[]},{"id":"borgs-fetta-triangles-frozen","name":"Frozen Triangles Fetta Cheese Appetisers","brand":"Borg's","imageUrls":["https://shop.coles.com.au/wcsstore/Coles-CAS/images/9/3/1/9319715.jpg"],"storeId":"coles","packageSize":"360g","cupPrice":"$0.67 per 100G","locations":{"VIC":{"price":2.4,"discountRate":20,"promo":"","orgPrice":3}},"categoryIds":["c-entertaining-at-home","c-frozen"],"similarProductIds":[]},{"id":"bulla-splits-spiders","name":"Splits Spiders Multiflavour Ice Cream Sticks 10 Pack","brand":"Bulla","imageUrls":["https://shop.coles.com.au/wcsstore/Coles-CAS/images/3/5/4/3544990.jpg"],"storeId":"coles","packageSize":"750mL","cupPrice":"$0.67 per 100mL","locations":{"VIC":{"price":5,"discountRate":29,"promo":"","orgPrice":7}},"categoryIds":["c-entertaining-at-home","c-frozen"],"similarProductIds":[]},{"id":"cadbury-old-gold-original-chocolate-block","name":"Old Gold Original Dark Chocolate Block","brand":"Cadbury","imageUrls":["https://shop.coles.com.au/wcsstore/Coles-CAS/images/2/3/5/2350568.jpg"],"storeId":"coles","packageSize":"180g","cupPrice":"$1.94 per 100G","locations":{"VIC":{"price":3.5,"discountRate":30,"promo":"","orgPrice":5}},"categoryIds":["c-entertaining-at-home","c-pantry"],"similarProductIds":[]},{"id":"coca-cola-soft-drink-coke-200ml-cans","name":"Classic Coke Mini Multipack Cans 200mL","brand":"Coca-Cola","imageUrls":["https://shop.coles.com.au/wcsstore/Coles-CAS/images/7/9/1/7910003.jpg"],"storeId":"coles","packageSize":"8 pack","cupPrice":"$3.75 per 1L","locations":{"VIC":{"price":6,"discountRate":29,"promo":"","orgPrice":8.5}},"categoryIds":["c-entertaining-at-home","c-drinks"],"similarProductIds":[]},{"id":"peters-connoisseur-vanilla-caramel-brownie","name":"Vanilla Caramel Brownie Gourmet Ice Cream Tub","brand":"Connoisseur","imageUrls":["https://shop.coles.com.au/wcsstore/Coles-CAS/images/3/2/5/3251233.jpg"],"storeId":"coles","packageSize":"1L","cupPrice":"$0.75 per 100mL","locations":{"VIC":{"price":7.5,"discountRate":32,"promo":"","orgPrice":11}},"categoryIds":["c-entertaining-at-home","c-frozen"],"similarProductIds":[]},{"id":"mccain-potato-fries-crunchy-beer-batter-thick-chunky-frozen","name":"Frozen Chunky Beer Batter Chips","brand":"McCain","imageUrls":["https://shop.coles.com.au/wcsstore/Coles-CAS/images/5/0/7/5070648.jpg"],"storeId":"coles","packageSize":"750g","cupPrice":"$0.27 per 100G","locations":{"VIC":{"price":2,"discountRate":50,"promo":"","orgPrice":4}},"categoryIds":["c-entertaining-at-home","c-frozen"],"similarProductIds":[]},{"id":"merediths-goats-cheese-chevre","name":"Fresh Chevre Goat Cheese","brand":"Meredith Dairy","imageUrls":["https://shop.coles.com.au/wcsstore/Coles-CAS/images/3/2/7/3275945.jpg"],"storeId":"coles","packageSize":"80g","cupPrice":"$50.00 per 1Kg","locations":{"VIC":{"price":4,"discountRate":20,"promo":"","orgPrice":5}},"categoryIds":["c-entertaining-at-home","c-dairy-eggs--meals"],"similarProductIds":[]},{"id":"schweppes-mixer-diet-dry-ginger-300ml-bottles","name":"Diet Dry Ginger Ale Classic Mixers Multipack Bottles 300mL","brand":"Schweppes","imageUrls":["https://shop.coles.com.au/wcsstore/Coles-CAS/images/7/3/6/7364672.jpg"],"storeId":"coles","packageSize":"4 pack","cupPrice":"$4.38 per 1L","locations":{"VIC":{"price":5.25,"discountRate":14,"promo":"Any 2 $9","orgPrice":5.25}},"categoryIds":["c-entertaining-at-home","c-drinks"],"similarProductIds":[]},{"id":"sprite-soft-drink-lemonade-375ml-cans-7365904p","name":"Lemon-Lime Flavour Multipack Cans 375mL","brand":"Sprite","imageUrls":["https://shop.coles.com.au/wcsstore/Coles-CAS/images/7/3/6/7365904.jpg"],"storeId":"coles","packageSize":"24 Pack","cupPrice":"$1.56 per 1L","locations":{"VIC":{"price":14,"discountRate":50,"promo":"","orgPrice":28.2}},"categoryIds":["c-entertaining-at-home","c-drinks"],"similarProductIds":[]},{"id":"the-natural-confec-co-reduced-sugar-snakes","name":"25% Less Sugar Snakes","brand":"The Natural Confectionary Co.","imageUrls":["https://shop.coles.com.au/wcsstore/Coles-CAS/images/3/3/1/3311448.jpg"],"storeId":"coles","packageSize":"260g","cupPrice":"$0.77 per 100G","locations":{"VIC":{"price":2,"discountRate":50,"promo":"","orgPrice":4}},"categoryIds":["c-entertaining-at-home","c-pantry"],"similarProductIds":[]},{"id":"allens-strawberries-cream","name":"Strawberries & Cream","brand":"Allen's","imageUrls":["https://shop.coles.com.au/wcsstore/Coles-CAS/images/5/1/9/5196839.jpg"],"storeId":"coles","packageSize":"190g","cupPrice":"$1.58 per 100G","locations":{"VIC":{"price":3,"discountRate":17,"promo":"Any 2 $5","orgPrice":3}},"categoryIds":["c-entertaining-at-home","c-pantry"],"similarProductIds":[]},{"id":"cadbury-picnic-sharepack-12-treats","name":"Picnic Chocolate Multipack 12 Treats","brand":"Cadbury","imageUrls":["https://shop.coles.com.au/wcsstore/Coles-CAS/images/2/3/5/2353034.jpg"],"storeId":"coles","packageSize":"180g","cupPrice":"$1.94 per 100G","locations":{"VIC":{"price":3.5,"discountRate":30,"promo":"","orgPrice":5}},"categoryIds":["c-entertaining-at-home","c-pantry"],"similarProductIds":[]},{"id":"sprite-soft-drink-lemonade-401657p","name":"Sprite Soft Drink Lemon Lime","brand":"Coca-Cola","imageUrls":["https://shop.coles.com.au/wcsstore/Coles-CAS/images/4/0/1/401657.jpg"],"storeId":"coles","packageSize":"1.25L","cupPrice":"$2.00 per 1L","locations":{"VIC":{"price":2.5,"discountRate":40,"promo":"Any 2 $3","orgPrice":2.5}},"categoryIds":["c-entertaining-at-home","c-drinks"],"similarProductIds":[]},{"id":"coca-cola-coke-375ml-cans","name":"Classic Coke Multipack Cans 375mL","brand":"Coca-Cola","imageUrls":["https://shop.coles.com.au/wcsstore/Coles-CAS/images/1/8/4/1849307.jpg"],"storeId":"coles","packageSize":"10 Pack","cupPrice":"$3.28 per 1L","locations":{"VIC":{"price":12.3,"discountRate":43,"promo":"Any 2 $14","orgPrice":12.3}},"categoryIds":["c-entertaining-at-home","c-drinks"],"similarProductIds":[]},{"id":"darrell-lea-twists-liquorice","name":"Liquorice Twists","brand":"Darrell Lea","imageUrls":["https://shop.coles.com.au/wcsstore/Coles-CAS/images/3/4/4/3449241.jpg"],"storeId":"coles","packageSize":"280g","cupPrice":"$1.07 per 100G","locations":{"VIC":{"price":3,"discountRate":25,"promo":"","orgPrice":4}},"categoryIds":["c-entertaining-at-home","c-pantry"],"similarProductIds":[]},{"id":"darrell-lea-bullets-milk-choc-raspberry","name":"Milk Choc Raspberry Bullets","brand":"Darrell Lea","imageUrls":["https://shop.coles.com.au/wcsstore/Coles-CAS/images/3/4/4/3448362.jpg"],"storeId":"coles","packageSize":"250g","cupPrice":"$1.20 per 100G","locations":{"VIC":{"price":3,"discountRate":25,"promo":"","orgPrice":4}},"categoryIds":["c-entertaining-at-home","c-pantry"],"similarProductIds":[]},{"id":"darell-lea-bullets-dark-choc-liquorice","name":"Bullet Dark Chocolate Liquorice","brand":"Darrell Lea","imageUrls":["https://shop.coles.com.au/wcsstore/Coles-CAS/images/3/4/4/3448351.jpg"],"storeId":"coles","packageSize":"250g","cupPrice":"$1.20 per 100G","locations":{"VIC":{"price":3,"discountRate":25,"promo":"","orgPrice":4}},"categoryIds":["c-entertaining-at-home","c-pantry"],"similarProductIds":[]},{"id":"mccain-pizza-slices-cheese-bacon-6-pack-frozen","name":"Frozen Cheese & Bacon Pizza Slices 6 pack","brand":"McCain","imageUrls":["https://shop.coles.com.au/wcsstore/Coles-CAS/images/8/5/4/8544829.jpg"],"storeId":"coles","packageSize":"600g","cupPrice":"$0.92 per 100G","locations":{"VIC":{"price":5.5,"discountRate":27,"promo":"","orgPrice":7.5}},"categoryIds":["c-entertaining-at-home","c-frozen"],"similarProductIds":[]},{"id":"nestle-chocolate-aero-peppermint-block","name":"Aero Peppermint Chocolate Block","brand":"Nestle","imageUrls":["https://shop.coles.com.au/wcsstore/Coles-CAS/images/7/1/5/7157168.jpg"],"storeId":"coles","packageSize":"118g","cupPrice":"$2.54 per 100G","locations":{"VIC":{"price":3,"discountRate":33,"promo":"","orgPrice":4.5}},"categoryIds":["c-entertaining-at-home","c-pantry"],"similarProductIds":[]},{"id":"nestle-kit-kat-block-gold","name":"KitKat Gold White Chocolate with Caramelised Break","brand":"Nestle","imageUrls":["https://shop.coles.com.au/wcsstore/Coles-CAS/images/3/2/9/3299976.jpg"],"storeId":"coles","packageSize":"170g","cupPrice":"$1.76 per 100G","locations":{"VIC":{"price":3,"discountRate":33,"promo":"","orgPrice":4.5}},"categoryIds":["c-entertaining-at-home","c-pantry"],"similarProductIds":[]},{"id":"old-el-paso-taco-kit-jumbo","name":"Jumbo Taco Kit Mild","brand":"Old El Paso","imageUrls":["https://shop.coles.com.au/wcsstore/Coles-CAS/images/9/7/4/9742533.jpg"],"storeId":"coles","packageSize":"345g","cupPrice":"$1.45 per 100G","locations":{"VIC":{"price":5,"discountRate":0,"promo":"","orgPrice":5}},"categoryIds":["c-entertaining-at-home","c-international-foods"],"similarProductIds":[]},{"id":"old-el-paso-stand-n-stuff-soft-taco-kit","name":"Stand 'N Stuff Soft Taco Kit Mild","brand":"Old El Paso","imageUrls":["https://shop.coles.com.au/wcsstore/Coles-CAS/images/1/8/6/1868130.jpg"],"storeId":"coles","packageSize":"348g","cupPrice":"$1.44 per 100G","locations":{"VIC":{"price":5,"discountRate":29,"promo":"","orgPrice":7}},"categoryIds":["c-entertaining-at-home","c-international-foods"],"similarProductIds":[]},{"id":"schweppes-mixer-tonic-water-diet-300ml-bottles","name":"Diet Tonic Water Mixers Multipack Bottles 300mL","brand":"Schweppes","imageUrls":["https://shop.coles.com.au/wcsstore/Coles-CAS/images/7/3/6/7364661.jpg"],"storeId":"coles","packageSize":"4 pack","cupPrice":"$4.38 per 1L","locations":{"VIC":{"price":5.25,"discountRate":14,"promo":"Any 2 $9","orgPrice":5.25}},"categoryIds":["c-entertaining-at-home","c-drinks"],"similarProductIds":[]},{"id":"streets-magnum-ice-cream-white","name":"Magnum White Ice Cream Sticks 4 pack","brand":"Streets","imageUrls":["https://shop.coles.com.au/wcsstore/Coles-CAS/images/6/5/8/6583193.jpg"],"storeId":"coles","packageSize":"428mL","cupPrice":"$1.52 per 100mL","locations":{"VIC":{"price":6.5,"discountRate":28,"promo":"","orgPrice":9}},"categoryIds":["c-entertaining-at-home","c-frozen"],"similarProductIds":[]},{"id":"the-natural-confectionary-co-fruit-salad-2351232p","name":"Soft Jellies Fruit Salad Lollies","brand":"The Natural Confectionary Co.","imageUrls":["https://shop.coles.com.au/wcsstore/Coles-CAS/images/2/3/5/2351232.jpg"],"storeId":"coles","packageSize":"240g","cupPrice":"$0.83 per 100G","locations":{"VIC":{"price":2,"discountRate":50,"promo":"","orgPrice":4}},"categoryIds":["c-entertaining-at-home","c-pantry"],"similarProductIds":[]},{"id":"the-natural-confec-co-reduced-sugar-fruitbasket","name":"25% Less Sugar Fruit Basket","brand":"The Natural Confectionary Co.","imageUrls":["https://shop.coles.com.au/wcsstore/Coles-CAS/images/3/3/1/3311426.jpg"],"storeId":"coles","packageSize":"220g","cupPrice":"$0.91 per 100G","locations":{"VIC":{"price":2,"discountRate":50,"promo":"","orgPrice":4}},"categoryIds":["c-entertaining-at-home","c-pantry"],"similarProductIds":[]},{"id":"trident-sweet-chilli-sauce","name":"Sweet Chilli Sauce","brand":"Trident","imageUrls":["https://shop.coles.com.au/wcsstore/Coles-CAS/images/4/2/6/426670.jpg"],"storeId":"coles","packageSize":"285mL","cupPrice":"$0.88 per 100mL","locations":{"VIC":{"price":2.5,"discountRate":17,"promo":"","orgPrice":3}},"categoryIds":["c-entertaining-at-home","c-pantry"],"similarProductIds":[]},{"id":"black-swan-dip-guacamole-8163155p","name":"Crafted Guacamole Dip","brand":"Black Swan","imageUrls":["https://shop.coles.com.au/wcsstore/Coles-CAS/images/8/1/6/8163155.jpg"],"storeId":"coles","packageSize":"200g","cupPrice":"$2.15 per 100G","locations":{"VIC":{"price":4.3,"discountRate":19,"promo":"Any 2 $7","orgPrice":4.3}},"categoryIds":["c-entertaining-at-home","c-dairy-eggs--meals"],"similarProductIds":[]},{"id":"cadbury-sharepack-twirl-12-treats","name":"Twirl Chocolate Multipack 12 Treats","brand":"Cadbury","imageUrls":["https://shop.coles.com.au/wcsstore/Coles-CAS/images/2/3/5/2353078.jpg"],"storeId":"coles","packageSize":"168g","cupPrice":"$2.08 per 100G","locations":{"VIC":{"price":3.5,"discountRate":30,"promo":"","orgPrice":5}},"categoryIds":["c-entertaining-at-home","c-pantry"],"similarProductIds":[]},{"id":"coca-cola-soft-drink-coke-zero-300ml-bottles","name":"No Sugar Coke Multipack 300mL","brand":"Coca-Cola","imageUrls":["https://shop.coles.com.au/wcsstore/Coles-CAS/images/1/4/9/1492374.jpg"],"storeId":"coles","packageSize":"12 pack","cupPrice":"$2.50 per 1L","locations":{"VIC":{"price":9,"discountRate":36,"promo":"","orgPrice":14}},"categoryIds":["c-entertaining-at-home","c-drinks"],"similarProductIds":[]},{"id":"darrell-lea-liquorice-allsorts-3449081p","name":"Allsorts Liquorice","brand":"Darrell Lea","imageUrls":["https://shop.coles.com.au/wcsstore/Coles-CAS/images/3/4/4/3449081.jpg"],"storeId":"coles","packageSize":"270g","cupPrice":"$1.11 per 100G","locations":{"VIC":{"price":3,"discountRate":25,"promo":"","orgPrice":4}},"categoryIds":["c-entertaining-at-home","c-pantry"],"similarProductIds":[]},{"id":"dr-oetker--ristorante-quattro-formaggi--frozen-pizza","name":"Frozen Ristorante Quattro Formaggi Pizza","brand":"Dr. Oetker","imageUrls":["https://shop.coles.com.au/wcsstore/Coles-CAS/images/7/8/1/7817904.jpg"],"storeId":"coles","packageSize":"340g","cupPrice":"$1.62 per 100G","locations":{"VIC":{"price":5.5,"discountRate":27,"promo":"","orgPrice":7.5}},"categoryIds":["c-entertaining-at-home","c-frozen"],"similarProductIds":[]},{"id":"fever-tree-premium-indian-tonic-water","name":"Premium Indian Tonic Water Multipack Bottles 200mL","brand":"Fever Tree","imageUrls":["https://shop.coles.com.au/wcsstore/Coles-CAS/images/3/0/4/3048772.jpg"],"storeId":"coles","packageSize":"4 pack","cupPrice":"$7.50 per 1L","locations":{"VIC":{"price":6,"discountRate":14,"promo":"","orgPrice":7}},"categoryIds":["c-entertaining-at-home","c-drinks"],"similarProductIds":[]},{"id":"majans-infusions-prawn-crackers","name":"Infuzions Prawn Crackers BBQ Ribs","brand":"Majans","imageUrls":["https://shop.coles.com.au/wcsstore/Coles-CAS/images/3/0/8/3084583.jpg"],"storeId":"coles","packageSize":"110g","cupPrice":"$1.82 per 100G","locations":{"VIC":{"price":2,"discountRate":43,"promo":"","orgPrice":3.5}},"categoryIds":["c-entertaining-at-home","c-pantry"],"similarProductIds":[]},{"id":"masterfoods-squeezy-sauce-bbq-reduced-salt","name":"BBQ Sauce Reduced Salt & Sugar","brand":"MasterFoods","imageUrls":["https://shop.coles.com.au/wcsstore/Coles-CAS/images/8/5/7/8575582.jpg"],"storeId":"coles","packageSize":"500mL","cupPrice":"$0.40 per 100mL","locations":{"VIC":{"price":2,"discountRate":32,"promo":"","orgPrice":2.95}},"categoryIds":["c-entertaining-at-home","c-pantry"],"similarProductIds":[]},{"id":"mcilhenny-tabasco-sauce-422599p","name":"Tabasco Sauce","brand":"Mc Ilhenny Co.","imageUrls":["https://shop.coles.com.au/wcsstore/Coles-CAS/images/4/2/2/422599.jpg"],"storeId":"coles","packageSize":"60mL","cupPrice":"$6.17 per 100mL","locations":{"VIC":{"price":3.7,"discountRate":20,"promo":"","orgPrice":4.6000000000000005}},"categoryIds":["c-entertaining-at-home","c-pantry"],"similarProductIds":[]},{"id":"mccain-potato-wedges-beer-batter-frozen","name":"Frozen Crispy & Golden Beer Batter Wedges","brand":"McCain","imageUrls":["https://shop.coles.com.au/wcsstore/Coles-CAS/images/5/0/6/5069387.jpg"],"storeId":"coles","packageSize":"750g","cupPrice":"$0.27 per 100G","locations":{"VIC":{"price":2,"discountRate":50,"promo":"","orgPrice":4}},"categoryIds":["c-entertaining-at-home","c-frozen"],"similarProductIds":[]},{"id":"mersey-valley-vintage-club-cheese-cheddar-extra-tasty","name":"Classic Cheddar Cheese","brand":"Mersey Valley","imageUrls":["https://shop.coles.com.au/wcsstore/Coles-CAS/images/6/5/8/6580526.jpg"],"storeId":"coles","packageSize":"180g","cupPrice":"$26.11 per 1Kg","locations":{"VIC":{"price":4.7,"discountRate":25,"promo":"","orgPrice":6.300000000000001}},"categoryIds":["c-entertaining-at-home","c-dairy-eggs--meals"],"similarProductIds":[]},{"id":"ocean-spray-cranberry-drink-light","name":"Light Cranberry Fruit Drink","brand":"Ocean Spray","imageUrls":["https://shop.coles.com.au/wcsstore/Coles-CAS/images/4/5/8/4586598.jpg"],"storeId":"coles","packageSize":"1.5L","cupPrice":"$3.80 per 1L","locations":{"VIC":{"price":5.7,"discountRate":39,"promo":"Any 2 $7","orgPrice":5.7}},"categoryIds":["c-entertaining-at-home","c-drinks"],"similarProductIds":[]},{"id":"schweppes-pepsi-375ml-cans","name":"Multipack Cans 375mL","brand":"Pepsi","imageUrls":["https://shop.coles.com.au/wcsstore/Coles-CAS/images/2/6/8/2684213.jpg"],"storeId":"coles","packageSize":"10 pack","cupPrice":"$1.47 per 1L","locations":{"VIC":{"price":5.52,"discountRate":50,"promo":"","orgPrice":11.05}},"categoryIds":["c-entertaining-at-home","c-drinks"],"similarProductIds":[]},{"id":"primo-spanish-tapas-platter","name":"Spanish Style Tapas Platter","brand":"Primo","imageUrls":["https://shop.coles.com.au/wcsstore/Coles-CAS/images/3/5/0/3506797.jpg"],"storeId":"coles","packageSize":"100g","cupPrice":"$60.00 per 1Kg","locations":{"VIC":{"price":6,"discountRate":14,"promo":"","orgPrice":7}},"categoryIds":["c-entertaining-at-home","c-meat-seafood--deli","c-dairy-eggs--meals"],"similarProductIds":[]},{"id":"pringles-salt-vinegar-potato-chips","name":"Salt & Vinegar Flavour Stacked Potato Chips","brand":"Pringles","imageUrls":["https://shop.coles.com.au/wcsstore/Coles-CAS/images/2/7/8/2784069.jpg"],"storeId":"coles","packageSize":"134g","cupPrice":"$2.99 per 100G","locations":{"VIC":{"price":4,"discountRate":50,"promo":"Any 3 $6","orgPrice":4}},"categoryIds":["c-entertaining-at-home","c-pantry"],"similarProductIds":[]},{"id":"pringles-original-potato-chips","name":"Original Salted Stacked Potato Chips","brand":"Pringles","imageUrls":["https://shop.coles.com.au/wcsstore/Coles-CAS/images/2/7/8/2784047.jpg"],"storeId":"coles","packageSize":"134g","cupPrice":"$2.99 per 100G","locations":{"VIC":{"price":4,"discountRate":50,"promo":"Any 3 $6","orgPrice":4}},"categoryIds":["c-entertaining-at-home","c-pantry"],"similarProductIds":[]},{"id":"schweppes-soft-drink-sunkist-orange-crush-diet-light","name":"Sunkist Sugar Free Diet Orange Crush","brand":"Schweppes","imageUrls":["https://shop.coles.com.au/wcsstore/Coles-CAS/images/5/0/3/5037358.jpg"],"storeId":"coles","packageSize":"1.25L","cupPrice":"$1.36 per 1L","locations":{"VIC":{"price":1.7,"discountRate":23,"promo":"","orgPrice":2.2}},"categoryIds":["c-entertaining-at-home","c-drinks"],"similarProductIds":[]},{"id":"water-thins-crispbread-natural-mini","name":"Natural Fine Wafer Crackers","brand":"Waterthins","imageUrls":["https://shop.coles.com.au/wcsstore/Coles-CAS/images/9/2/0/9207267.jpg"],"storeId":"coles","packageSize":"150g","cupPrice":"$1.67 per 100G","locations":{"VIC":{"price":2.5,"discountRate":22,"promo":"","orgPrice":3.2}},"categoryIds":["c-entertaining-at-home","c-pantry"],"similarProductIds":[]},{"id":"yumis-avocado-dip","name":"Gluten Free Avocado With Sea Salt Dip","brand":"Yumi's","imageUrls":["https://shop.coles.com.au/wcsstore/Coles-CAS/images/2/0/0/2007474.jpg"],"storeId":"coles","packageSize":"200g","cupPrice":"$2.00 per 100G","locations":{"VIC":{"price":4,"discountRate":25,"promo":"Any 2 $6","orgPrice":4}},"categoryIds":["c-entertaining-at-home","c-dairy-eggs--meals"],"similarProductIds":[]},{"id":"yumis-mini-middle-eastern-hommus","name":"Gluten Free Classic Middle Eastern Hommus Mini 3 pack","brand":"Yumi's","imageUrls":["https://shop.coles.com.au/wcsstore/Coles-CAS/images/3/0/3/3039410.jpg"],"storeId":"coles","packageSize":"195g","cupPrice":"$1.33 per 100G","locations":{"VIC":{"price":2.6,"discountRate":13,"promo":"","orgPrice":3}},"categoryIds":["c-entertaining-at-home","c-dairy-eggs--meals"],"similarProductIds":[]},{"id":"allens-retro-party-mix","name":"Retro Party Mix","brand":"Allen's","imageUrls":["https://shop.coles.com.au/wcsstore/Coles-CAS/images/5/9/1/5916031.jpg"],"storeId":"coles","packageSize":"190g","cupPrice":"$1.58 per 100G","locations":{"VIC":{"price":3,"discountRate":17,"promo":"Any 2 $5","orgPrice":3}},"categoryIds":["c-entertaining-at-home","c-pantry"],"similarProductIds":[]},{"id":"belvita-breakfast-strawberry-sandwich-biscuits","name":"Breakfast Strawberry Sandwich Biscuits","brand":"Belvita","imageUrls":["https://shop.coles.com.au/wcsstore/Coles-CAS/images/2/7/6/2762929.jpg"],"storeId":"coles","packageSize":"253g","cupPrice":"$1.19 per 100G","locations":{"VIC":{"price":3,"discountRate":33,"promo":"","orgPrice":4.5}},"categoryIds":["c-entertaining-at-home","c-pantry"],"similarProductIds":[]},{"id":"cadbury-sharepack-special-treats","name":"Special Treats Dairy Milk Chocolate Multipack","brand":"Cadbury","imageUrls":["https://shop.coles.com.au/wcsstore/Coles-CAS/images/2/3/5/2352960.jpg"],"storeId":"coles","packageSize":"180g","cupPrice":"$1.94 per 100G","locations":{"VIC":{"price":3.5,"discountRate":30,"promo":"","orgPrice":5}},"categoryIds":["c-entertaining-at-home","c-pantry"],"similarProductIds":[]},{"id":"cadbury-favourites-3571992p","name":"Favourites","brand":"Cadbury","imageUrls":["https://shop.coles.com.au/wcsstore/Coles-CAS/images/3/5/7/3571992.jpg"],"storeId":"coles","packageSize":"373g","cupPrice":"$2.41 per 100G","locations":{"VIC":{"price":9,"discountRate":36,"promo":"","orgPrice":14}},"categoryIds":["c-entertaining-at-home","c-pantry"],"similarProductIds":[]},{"id":"cascade-mini-mixers-dry-ginger-ale-200ml","name":"Dry Ginger Ale Multipack Mini Cans 200mL","brand":"Cascade","imageUrls":["https://shop.coles.com.au/wcsstore/Coles-CAS/images/2/7/7/2778259.jpg"],"storeId":"coles","packageSize":"4 Pack","cupPrice":"$5.00 per 1L","locations":{"VIC":{"price":4,"discountRate":38,"promo":"Any 2 $5","orgPrice":4}},"categoryIds":["c-entertaining-at-home","c-drinks"],"similarProductIds":[]},{"id":"sprite-soft-drink-lemonade","name":"Sprite Soft Drink Lemon Lime","brand":"Coca-Cola","imageUrls":["https://shop.coles.com.au/wcsstore/Coles-CAS/images/4/3/8/438894.jpg"],"storeId":"coles","packageSize":"2L","cupPrice":"$0.90 per 1L","locations":{"VIC":{"price":1.8,"discountRate":0,"promo":"","orgPrice":1.8}},"categoryIds":["c-entertaining-at-home","c-drinks"],"similarProductIds":[]},{"id":"darrell-lea-choc-twists-milk-choc-raspberry","name":"Raspberry Milk Chocolate Twists","brand":"Darrell Lea","imageUrls":["https://shop.coles.com.au/wcsstore/Coles-CAS/images/3/4/4/3449263.jpg"],"storeId":"coles","packageSize":"200g","cupPrice":"$1.50 per 100G","locations":{"VIC":{"price":3,"discountRate":25,"promo":"","orgPrice":4}},"categoryIds":["c-entertaining-at-home","c-pantry"],"similarProductIds":[]},{"id":"darrell-lea-liquorice-batch-37","name":"Batch 37 Fresh Liquorice","brand":"Darrell Lea","imageUrls":["https://shop.coles.com.au/wcsstore/Coles-CAS/images/3/4/4/3449117.jpg"],"storeId":"coles","packageSize":"260g","cupPrice":"$1.15 per 100G","locations":{"VIC":{"price":3,"discountRate":25,"promo":"","orgPrice":4}},"categoryIds":["c-entertaining-at-home","c-pantry"],"similarProductIds":[]},{"id":"dr-oetker-pizza-ristorante-mozzarella-frozen","name":"Frozen Ristorante Mozzarella Pizza","brand":"Dr. Oetker","imageUrls":["https://shop.coles.com.au/wcsstore/Coles-CAS/images/7/3/0/7308081.jpg"],"storeId":"coles","packageSize":"335g","cupPrice":"$1.64 per 100G","locations":{"VIC":{"price":5.5,"discountRate":27,"promo":"","orgPrice":7.5}},"categoryIds":["c-entertaining-at-home","c-frozen"],"similarProductIds":[]},{"id":"fanta-soft-drink-orange-375ml-cans","name":"Orange Multipack Cans 375mL","brand":"Fanta","imageUrls":["https://shop.coles.com.au/wcsstore/Coles-CAS/images/5/3/2/5325873.jpg"],"storeId":"coles","packageSize":"24 Pack","cupPrice":"$1.56 per 1L","locations":{"VIC":{"price":14,"discountRate":50,"promo":"","orgPrice":28.2}},"categoryIds":["c-entertaining-at-home","c-drinks"],"similarProductIds":[]},{"id":"hellmans-mayonnaise","name":"Real Mayonnaise","brand":"Hellmann's","imageUrls":["https://shop.coles.com.au/wcsstore/Coles-CAS/images/4/7/0/4707648.jpg"],"storeId":"coles","packageSize":"400g","cupPrice":"$1.25 per 100G","locations":{"VIC":{"price":5,"discountRate":19,"promo":"","orgPrice":6.2}},"categoryIds":["c-entertaining-at-home","c-pantry"],"similarProductIds":[]},{"id":"i-j-cooked-peeled-prawns-tail-off","name":"The Finest Frozen Prawns Cooked & Peeled Tail Off","brand":"I&J","imageUrls":["https://shop.coles.com.au/wcsstore/Coles-CAS/images/3/5/8/3580188.jpg"],"storeId":"coles","packageSize":"500g","cupPrice":"$30.00 per 1Kg","locations":{"VIC":{"price":15,"discountRate":21,"promo":"","orgPrice":19}},"categoryIds":["c-entertaining-at-home","c-frozen"],"similarProductIds":[]},{"id":"majans-infusions-3084608p","name":"Veggie Straws Sour Cream & Herb Flavour","brand":"Infuzions","imageUrls":["https://shop.coles.com.au/wcsstore/Coles-CAS/images/3/0/8/3084608.jpg"],"storeId":"coles","packageSize":"110g","cupPrice":"$1.82 per 100G","locations":{"VIC":{"price":2,"discountRate":43,"promo":"","orgPrice":3.5}},"categoryIds":["c-entertaining-at-home","c-pantry"],"similarProductIds":[]},{"id":"john-west-lemon-herb-salmon","name":"Tasmanian Atlantic Salmon Skinless With Lemon & Herb Crust 2 Pack","brand":"John West","imageUrls":["https://shop.coles.com.au/wcsstore/Coles-CAS/images/1/8/6/1861696.jpg"],"storeId":"coles","packageSize":"295g","cupPrice":"$45.76 per 1Kg","locations":{"VIC":{"price":13.5,"discountRate":10,"promo":"","orgPrice":15}},"categoryIds":["c-entertaining-at-home","c-meat-seafood--deli"],"similarProductIds":[]},{"id":"kettle-natural-potato-chips","name":"Roasted Garlic & Parmesan Potato Chips","brand":"Kettle","imageUrls":["https://shop.coles.com.au/wcsstore/Coles-CAS/images/3/0/8/3082012.jpg"],"storeId":"coles","packageSize":"175g","cupPrice":"$1.33 per 100G","locations":{"VIC":{"price":2.32,"discountRate":50,"promo":"","orgPrice":4.65}},"categoryIds":["c-entertaining-at-home","c-pantry"],"similarProductIds":[]},{"id":"lemnos-cheese-feta-smooth","name":"Smooth Fetta Cheese","brand":"Lemnos","imageUrls":["https://shop.coles.com.au/wcsstore/Coles-CAS/images/9/7/2/9728565.jpg"],"storeId":"coles","packageSize":"200g","cupPrice":"$2.00 per 100G","locations":{"VIC":{"price":4,"discountRate":20,"promo":"","orgPrice":5}},"categoryIds":["c-entertaining-at-home","c-dairy-eggs--meals"],"similarProductIds":[]},{"id":"mainland-on-the-go-cheese-tasty-crackers","name":"On The Go Tasty Cheese & Crackers 4 Pack","brand":"Mainland","imageUrls":["https://shop.coles.com.au/wcsstore/Coles-CAS/images/5/4/1/5415670.jpg"],"storeId":"coles","packageSize":"120g","cupPrice":"","locations":{"VIC":{"price":4,"discountRate":33,"promo":"","orgPrice":6}},"categoryIds":["c-entertaining-at-home","c-dairy-eggs--meals"],"similarProductIds":[]},{"id":"mainland-cheese-and-rice-crackers-4pk","name":"Munchables Tasty Cheese & Rice Crackers 4 Pack","brand":"Mainland","imageUrls":["https://shop.coles.com.au/wcsstore/Coles-CAS/images/3/2/7/3273597.jpg"],"storeId":"coles","packageSize":"96g","cupPrice":"","locations":{"VIC":{"price":4,"discountRate":33,"promo":"","orgPrice":6}},"categoryIds":["c-entertaining-at-home","c-dairy-eggs--meals"],"similarProductIds":[]},{"id":"masterfoods-barbeque-sauce-squeeze-7716441p","name":"Barbecue Sauce","brand":"MasterFoods","imageUrls":["https://shop.coles.com.au/wcsstore/Coles-CAS/images/7/7/1/7716441.jpg"],"storeId":"coles","packageSize":"500mL","cupPrice":"$0.40 per 100mL","locations":{"VIC":{"price":2,"discountRate":32,"promo":"","orgPrice":2.95}},"categoryIds":["c-entertaining-at-home","c-pantry"],"similarProductIds":[]},{"id":"mccain-pizza-singles-ham-pineapple-frozen","name":"Frozen Ham & Pineapple Pizza Singles","brand":"McCain","imageUrls":["https://shop.coles.com.au/wcsstore/Coles-CAS/images/5/4/4/5446200.jpg"],"storeId":"coles","packageSize":"400g","cupPrice":"$1.25 per 100G","locations":{"VIC":{"price":5,"discountRate":29,"promo":"","orgPrice":7}},"categoryIds":["c-entertaining-at-home","c-frozen"],"similarProductIds":[]},{"id":"mersey-valley-vintage-club-cheddar","name":"Original Cheddar Cheese","brand":"Mersey Valley","imageUrls":["https://shop.coles.com.au/wcsstore/Coles-CAS/images/6/5/8/6580253.jpg"],"storeId":"coles","packageSize":"180g","cupPrice":"$26.11 per 1Kg","locations":{"VIC":{"price":4.7,"discountRate":25,"promo":"","orgPrice":6.300000000000001}},"categoryIds":["c-entertaining-at-home","c-dairy-eggs--meals"],"similarProductIds":[]},{"id":"natural-chip-co-corn-chips-sea-salt","name":"Sea Salt Tortilla Strips","brand":"Natural Chip Co.","imageUrls":["https://shop.coles.com.au/wcsstore/Coles-CAS/images/3/5/7/3574108.jpg"],"storeId":"coles","packageSize":"175g","cupPrice":"$1.71 per 100G","locations":{"VIC":{"price":3,"discountRate":14,"promo":"","orgPrice":3.5}},"categoryIds":["c-entertaining-at-home","c-pantry"],"similarProductIds":[]},{"id":"pacific-west-spring-rolls-cocktail-mega-value-pack-frozen","name":"Frozen Cocktail Spring Rolls 68 pack","brand":"Pacific West","imageUrls":["https://shop.coles.com.au/wcsstore/Coles-CAS/images/4/6/7/4675530.jpg"],"storeId":"coles","packageSize":"1kg","cupPrice":"$8.00 per 1KG","locations":{"VIC":{"price":8,"discountRate":30,"promo":"","orgPrice":11.5}},"categoryIds":["c-entertaining-at-home","c-frozen"],"similarProductIds":[]},{"id":"schweppes-soft-drink-solo-lemon","name":"Solo Lemon Drink","brand":"Schweppes","imageUrls":["https://shop.coles.com.au/wcsstore/Coles-CAS/images/1/4/7/147494.jpg"],"storeId":"coles","packageSize":"1.25L","cupPrice":"$1.36 per 1L","locations":{"VIC":{"price":1.7,"discountRate":23,"promo":"","orgPrice":2.2}},"categoryIds":["c-entertaining-at-home","c-drinks"],"similarProductIds":[]},{"id":"schweppes-mixer-bitter-lemon-300ml","name":"Bitter Lemon Flavour Mixer Bottles 300mL","brand":"Schweppes","imageUrls":["https://shop.coles.com.au/wcsstore/Coles-CAS/images/7/3/5/7351885.jpg"],"storeId":"coles","packageSize":"4 pack","cupPrice":"$4.38 per 1L","locations":{"VIC":{"price":5.25,"discountRate":14,"promo":"Any 2 $9","orgPrice":5.25}},"categoryIds":["c-entertaining-at-home","c-drinks"],"similarProductIds":[]},{"id":"schweppes-sig-ser-4x300ml-soft-drink-raspberry","name":"Raspberry Flavour Multipack Bottles 300mL","brand":"Schweppes","imageUrls":["https://shop.coles.com.au/wcsstore/Coles-CAS/images/3/4/6/3468803.jpg"],"storeId":"coles","packageSize":"4 pack","cupPrice":"$3.75 per 1L","locations":{"VIC":{"price":4.5,"discountRate":25,"promo":"","orgPrice":6}},"categoryIds":["c-entertaining-at-home","c-drinks"],"similarProductIds":[]},{"id":"schweppes-sig-ser-4x300ml-soft-drink-lime-cucumber","name":"Mexican Lime Signature Soft Drink Bottle 300mL","brand":"Schweppes","imageUrls":["https://shop.coles.com.au/wcsstore/Coles-CAS/images/3/4/6/3468790.jpg"],"storeId":"coles","packageSize":"4 pack","cupPrice":"$3.75 per 1L","locations":{"VIC":{"price":4.5,"discountRate":25,"promo":"","orgPrice":6}},"categoryIds":["c-entertaining-at-home","c-drinks"],"similarProductIds":[]},{"id":"steggles-chicken-tenders-sweet-chilli","name":"Frozen Sweet Chilli Chicken Breast Tenders","brand":"Steggles","imageUrls":["https://shop.coles.com.au/wcsstore/Coles-CAS/images/2/7/1/2719952.jpg"],"storeId":"coles","packageSize":"400g","cupPrice":"$11.25 per 1Kg","locations":{"VIC":{"price":4.5,"discountRate":50,"promo":"","orgPrice":9}},"categoryIds":["c-entertaining-at-home","c-frozen"],"similarProductIds":[]},{"id":"streets-magnum-minis-ice-cream-almond","name":"Magnum Almond Mini Ice Cream Sticks 6 Pack","brand":"Streets","imageUrls":["https://shop.coles.com.au/wcsstore/Coles-CAS/images/9/0/9/9091672.jpg"],"storeId":"coles","packageSize":"360mL","cupPrice":"$1.81 per 100mL","locations":{"VIC":{"price":6.5,"discountRate":28,"promo":"","orgPrice":9}},"categoryIds":["c-entertaining-at-home","c-frozen"],"similarProductIds":[]},{"id":"sunbites-cheddar-chives-crackers-snack","name":"Cheddar & Chives Snack Crackers With Quinoa","brand":"Sunbites","imageUrls":["https://shop.coles.com.au/wcsstore/Coles-CAS/images/2/9/7/2976831.jpg"],"storeId":"coles","packageSize":"110g","cupPrice":"$2.73 per 100G","locations":{"VIC":{"price":3,"discountRate":33,"promo":"Any 2 $4","orgPrice":3}},"categoryIds":["c-entertaining-at-home","c-pantry"],"similarProductIds":[]},{"id":"yumis-dip-sweet-potato-cashews","name":"Gluten Free Classic Sweet Potato & Roasted Cashews Dip","brand":"Yumi's","imageUrls":["https://shop.coles.com.au/wcsstore/Coles-CAS/images/6/0/0/6008650.jpg"],"storeId":"coles","packageSize":"200g","cupPrice":"$2.00 per 100G","locations":{"VIC":{"price":4,"discountRate":25,"promo":"Any 2 $6","orgPrice":4}},"categoryIds":["c-entertaining-at-home","c-dairy-eggs--meals"],"similarProductIds":[]},{"id":"cadbury-cherry-ripe-sharepack-12-treats","name":"Cherry Ripe Chocolate Multipack 12 Treats","brand":"Cadbury","imageUrls":["https://shop.coles.com.au/wcsstore/Coles-CAS/images/2/3/5/2352982.jpg"],"storeId":"coles","packageSize":"180g","cupPrice":"$1.94 per 100G","locations":{"VIC":{"price":3.5,"discountRate":30,"promo":"","orgPrice":5}},"categoryIds":["c-entertaining-at-home","c-pantry"],"similarProductIds":[]},{"id":"coca-cola-diet-coke-375ml-cans","name":"Diet Coke Multipack Cans 375mL","brand":"Coca-Cola","imageUrls":["https://shop.coles.com.au/wcsstore/Coles-CAS/images/1/8/4/1849318.jpg"],"storeId":"coles","packageSize":"10 pack","cupPrice":"$3.28 per 1L","locations":{"VIC":{"price":12.3,"discountRate":43,"promo":"Any 2 $14","orgPrice":12.3}},"categoryIds":["c-entertaining-at-home","c-drinks"],"similarProductIds":[]},{"id":"peters-connoisseur-ice-cream-montana-mint","name":"Mint With Cookies Gourmet Ice Cream Tub","brand":"Connoisseur","imageUrls":["https://shop.coles.com.au/wcsstore/Coles-CAS/images/2/9/8/2982357.jpg"],"storeId":"coles","packageSize":"1L","cupPrice":"$7.50 per 1L","locations":{"VIC":{"price":7.5,"discountRate":32,"promo":"","orgPrice":11}},"categoryIds":["c-entertaining-at-home","c-frozen"],"similarProductIds":[]},{"id":"darrell-lea-mega-balls-big-orange","name":"Milk Chocolate Big Orange Balls","brand":"Darrell Lea","imageUrls":["https://shop.coles.com.au/wcsstore/Coles-CAS/images/3/4/5/3451210.jpg"],"storeId":"coles","packageSize":"185g","cupPrice":"$1.62 per 100G","locations":{"VIC":{"price":3,"discountRate":25,"promo":"","orgPrice":4}},"categoryIds":["c-entertaining-at-home","c-pantry"],"similarProductIds":[]},{"id":"coca-cola-fanta-orange-375ml-cans","name":"Orange Flavour Multipack Cans 375mL","brand":"Fanta","imageUrls":["https://shop.coles.com.au/wcsstore/Coles-CAS/images/1/8/4/1849330.jpg"],"storeId":"coles","packageSize":"10 pack","cupPrice":"$3.28 per 1L","locations":{"VIC":{"price":12.3,"discountRate":43,"promo":"Any 2 $14","orgPrice":12.3}},"categoryIds":["c-entertaining-at-home","c-drinks"],"similarProductIds":[]},{"id":"fever-tree-naturally-light-tonic-water","name":"Mediterranean Tonic Water Multipack Bottles","brand":"Fever Tree","imageUrls":["https://shop.coles.com.au/wcsstore/Coles-CAS/images/3/0/4/3048794.jpg"],"storeId":"coles","packageSize":"4 pack","cupPrice":"$7.50 per 1L","locations":{"VIC":{"price":6,"discountRate":14,"promo":"","orgPrice":7}},"categoryIds":["c-entertaining-at-home","c-drinks"],"similarProductIds":[]},{"id":"heinz-organic-tomato-ketchup-sauce","name":"Organic Tomato Ketchup","brand":"Heinz","imageUrls":["https://shop.coles.com.au/wcsstore/Coles-CAS/images/9/1/2/9124079.jpg"],"storeId":"coles","packageSize":"500mL","cupPrice":"$0.75 per 100mL","locations":{"VIC":{"price":3.75,"discountRate":13,"promo":"","orgPrice":4.3}},"categoryIds":["c-entertaining-at-home","c-pantry","c-healthy-living"],"similarProductIds":[]},{"id":"jiffy-firelighters","name":"Firelighters","brand":"Jiffy","imageUrls":["https://shop.coles.com.au/wcsstore/Coles-CAS/images/1/1/2/112638.jpg"],"storeId":"coles","packageSize":"24 pack","cupPrice":"$0.15 per 1Ea","locations":{"VIC":{"price":3.5,"discountRate":26,"promo":"","orgPrice":4.7}},"categoryIds":["c-entertaining-at-home","c-household"],"similarProductIds":[]},{"id":"kailis-bros-prawn-hargow","name":"Frozen Prawn Hargow","brand":"KB","imageUrls":["https://shop.coles.com.au/wcsstore/Coles-CAS/images/3/0/5/3051074.jpg"],"storeId":"coles","packageSize":"750g","cupPrice":"$1.81 per 100G","locations":{"VIC":{"price":13.6,"discountRate":20,"promo":"","orgPrice":17}},"categoryIds":["c-entertaining-at-home","c-frozen"],"similarProductIds":[]},{"id":"mainland-munchables-cheese-snack-tasty-biscuits","name":"Munchables Tasty Cheese & Crackers 4 pack","brand":"Mainland","imageUrls":["https://shop.coles.com.au/wcsstore/Coles-CAS/images/6/5/7/6577500.jpg"],"storeId":"coles","packageSize":"120g","cupPrice":"","locations":{"VIC":{"price":4,"discountRate":33,"promo":"","orgPrice":6}},"categoryIds":["c-entertaining-at-home","c-dairy-eggs--meals"],"similarProductIds":[]},{"id":"maltesers-chocolates","name":"Milk Chocolate Bag Medium","brand":"Maltesers","imageUrls":["https://shop.coles.com.au/wcsstore/Coles-CAS/images/5/1/0/5106508.jpg"],"storeId":"coles","packageSize":"140g","cupPrice":"$2.14 per 100G","locations":{"VIC":{"price":3,"discountRate":33,"promo":"","orgPrice":4.5}},"categoryIds":["c-entertaining-at-home","c-pantry"],"similarProductIds":[]},{"id":"mccain-pizza-slices-meat-lovers-6-pack-frozen","name":"Frozen Meat Lovers Pizza Slices 6 pack","brand":"McCain","imageUrls":["https://shop.coles.com.au/wcsstore/Coles-CAS/images/8/5/4/8544793.jpg"],"storeId":"coles","packageSize":"600g","cupPrice":"$0.92 per 100G","locations":{"VIC":{"price":5.5,"discountRate":27,"promo":"","orgPrice":7.5}},"categoryIds":["c-entertaining-at-home","c-frozen"],"similarProductIds":[]},{"id":"mountain-dew-375ml-cans","name":"Multipack Cans 375mL","brand":"Mountain Dew","imageUrls":["https://shop.coles.com.au/wcsstore/Coles-CAS/images/2/6/8/2684188.jpg"],"storeId":"coles","packageSize":"10 pack","cupPrice":"$1.47 per 1L","locations":{"VIC":{"price":5.52,"discountRate":50,"promo":"","orgPrice":11.05}},"categoryIds":["c-entertaining-at-home","c-drinks"],"similarProductIds":[]},{"id":"nestle-block-chocolate-rolo","name":"Rolo Chocolate Block","brand":"Nestle","imageUrls":["https://shop.coles.com.au/wcsstore/Coles-CAS/images/5/7/6/5763316.jpg"],"storeId":"coles","packageSize":"200g","cupPrice":"$1.50 per 100G","locations":{"VIC":{"price":3,"discountRate":33,"promo":"","orgPrice":4.5}},"categoryIds":["c-entertaining-at-home","c-pantry"],"similarProductIds":[]},{"id":"nestle-crunch-chocolate-block","name":"Crunch Chocolate Block","brand":"Nestle","imageUrls":["https://shop.coles.com.au/wcsstore/Coles-CAS/images/2/2/1/221815.jpg"],"storeId":"coles","packageSize":"200g","cupPrice":"$1.50 per 100G","locations":{"VIC":{"price":3,"discountRate":33,"promo":"","orgPrice":4.5}},"categoryIds":["c-entertaining-at-home","c-pantry"],"similarProductIds":[]},{"id":"ocean-spray-low-sugar-cranberry-drink","name":"Low Sugar Cranberry Drink","brand":"Ocean Spray","imageUrls":["https://shop.coles.com.au/wcsstore/Coles-CAS/images/2/5/2/2521026.jpg"],"storeId":"coles","packageSize":"1.5L","cupPrice":"$3.80 per 1L","locations":{"VIC":{"price":5.7,"discountRate":39,"promo":"Any 2 $7","orgPrice":5.7}},"categoryIds":["c-entertaining-at-home","c-drinks"],"similarProductIds":[]},{"id":"old-el-paso-gluten-free-tortillas","name":"Gluten Free Tortillas 6 pack","brand":"Old El Paso","imageUrls":["https://shop.coles.com.au/wcsstore/Coles-CAS/images/3/1/9/3198695.jpg"],"storeId":"coles","packageSize":"216g","cupPrice":"$1.85 per 100G","locations":{"VIC":{"price":4,"discountRate":10,"promo":"","orgPrice":4.45}},"categoryIds":["c-entertaining-at-home","c-international-foods","c-healthy-living"],"similarProductIds":[]},{"id":"pepsi-soft-drink-cola-148205p","name":"Cola Soft Drink","brand":"Pepsi","imageUrls":["https://shop.coles.com.au/wcsstore/Coles-CAS/images/1/4/8/148205.jpg"],"storeId":"coles","packageSize":"1.25L","cupPrice":"$1.36 per 1L","locations":{"VIC":{"price":1.7,"discountRate":23,"promo":"","orgPrice":2.2}},"categoryIds":["c-entertaining-at-home","c-drinks"],"similarProductIds":[]},{"id":"pepsi-soft-drink-10x375ml-pepsi-max-vanilla","name":"Max Vanilla Multipack Cans 375mL","brand":"Pepsi","imageUrls":["https://shop.coles.com.au/wcsstore/Coles-CAS/images/2/8/8/2887480.jpg"],"storeId":"coles","packageSize":"10 pack","cupPrice":"$1.47 per 1L","locations":{"VIC":{"price":5.52,"discountRate":50,"promo":"","orgPrice":11.05}},"categoryIds":["c-entertaining-at-home","c-drinks"],"similarProductIds":[]},{"id":"pepsi-soft-drink-10x375ml-soft-drink-max-raspberry","name":"Raspberry Flavour Max Multipack Cans 375mL","brand":"Pepsi","imageUrls":["https://shop.coles.com.au/wcsstore/Coles-CAS/images/3/2/7/3270817.jpg"],"storeId":"coles","packageSize":"10 pack","cupPrice":"$1.47 per 1L","locations":{"VIC":{"price":5.52,"discountRate":50,"promo":"","orgPrice":11.05}},"categoryIds":["c-entertaining-at-home","c-drinks"],"similarProductIds":[]},{"id":"pringles-potato-chips-sour-cream-onion-2784138p","name":"Sour Cream & Onion Stacked Potato Chips","brand":"Pringles","imageUrls":["https://shop.coles.com.au/wcsstore/Coles-CAS/images/2/7/8/2784138.jpg"],"storeId":"coles","packageSize":"53g","cupPrice":"$2.83 per 100G","locations":{"VIC":{"price":1.5,"discountRate":21,"promo":"","orgPrice":1.9}},"categoryIds":["c-entertaining-at-home","c-pantry"],"similarProductIds":[]},{"id":"pringles-potato-chips-original-2784127p","name":"Original Salted Stacked Potato Chips","brand":"Pringles","imageUrls":["https://shop.coles.com.au/wcsstore/Coles-CAS/images/2/7/8/2784127.jpg"],"storeId":"coles","packageSize":"53g","cupPrice":"$2.83 per 100G","locations":{"VIC":{"price":1.5,"discountRate":21,"promo":"","orgPrice":1.9}},"categoryIds":["c-entertaining-at-home","c-pantry"],"similarProductIds":[]},{"id":"red-bull-energy-drink-sugar-free","name":"Sugar Free Energy Drink Multipack 250mL","brand":"Red Bull","imageUrls":["https://shop.coles.com.au/wcsstore/Coles-CAS/images/9/6/1/9615900.jpg"],"storeId":"coles","packageSize":"4 pack","cupPrice":"$10.20 per 1L","locations":{"VIC":{"price":10.2,"discountRate":36,"promo":"Any 2 $13","orgPrice":10.2}},"categoryIds":["c-entertaining-at-home","c-drinks"],"similarProductIds":[]},{"id":"sargents-party-pack-frozen","name":"Frozen 18 Party Pies and 18 Sausage Rolls","brand":"Sargents","imageUrls":["https://shop.coles.com.au/wcsstore/Coles-CAS/images/9/5/7/9572058.jpg"],"storeId":"coles","packageSize":"1.2kg","cupPrice":"$0.88 per 100G","locations":{"VIC":{"price":10.5,"discountRate":22,"promo":"","orgPrice":13.5}},"categoryIds":["c-entertaining-at-home","c-frozen"],"similarProductIds":[]},{"id":"schweppes-mixer-lemon-lime-bitters-300ml-bottles","name":"Lemon Lime & Bitters Classic Mixers Multipack Bottles 300mL","brand":"Schweppes","imageUrls":["https://shop.coles.com.au/wcsstore/Coles-CAS/images/7/3/5/7351932.jpg"],"storeId":"coles","packageSize":"4 pack","cupPrice":"$4.38 per 1L","locations":{"VIC":{"price":5.25,"discountRate":14,"promo":"Any 2 $9","orgPrice":5.25}},"categoryIds":["c-entertaining-at-home","c-drinks"],"similarProductIds":[]},{"id":"south-cape-cheese-wedge-gouda","name":"Mellow & Creamy Gouda Cheese Wedge","brand":"South Cape","imageUrls":["https://shop.coles.com.au/wcsstore/Coles-CAS/images/7/7/6/7768434.jpg"],"storeId":"coles","packageSize":"200g","cupPrice":"$23.50 per 1Kg","locations":{"VIC":{"price":4.7,"discountRate":27,"promo":"","orgPrice":6.4}},"categoryIds":["c-entertaining-at-home","c-dairy-eggs--meals"],"similarProductIds":[]},{"id":"sprite-soft-drink-lemonade-200ml-cans","name":"Lemon Lime Natural Flavour Soft Drink Mini Cans 200mL","brand":"Sprite","imageUrls":["https://shop.coles.com.au/wcsstore/Coles-CAS/images/7/9/1/7910047.jpg"],"storeId":"coles","packageSize":"8 Pack","cupPrice":"$3.75 per 1L","locations":{"VIC":{"price":6,"discountRate":29,"promo":"","orgPrice":8.5}},"categoryIds":["c-entertaining-at-home","c-drinks"],"similarProductIds":[]},{"id":"the-alternative-meat-burger","name":"Plant Based Burger","brand":"The Alternative Meat Co.","imageUrls":["https://shop.coles.com.au/wcsstore/Coles-CAS/images/3/5/0/3504907.jpg"],"storeId":"coles","packageSize":"220g","cupPrice":"$29.55 per 1Kg","locations":{"VIC":{"price":6.5,"discountRate":24,"promo":"","orgPrice":8.5}},"categoryIds":["c-entertaining-at-home","c-meat-seafood--deli"],"similarProductIds":[]},{"id":"the-natural-confectionary-co-sour-squirms","name":"Sour Squirms","brand":"The Natural Confectionary Co.","imageUrls":["https://shop.coles.com.au/wcsstore/Coles-CAS/images/2/3/5/2351254.jpg"],"storeId":"coles","packageSize":"240g","cupPrice":"$0.83 per 100G","locations":{"VIC":{"price":2,"discountRate":50,"promo":"","orgPrice":4}},"categoryIds":["c-entertaining-at-home","c-pantry"],"similarProductIds":[]},{"id":"the-natural-confec-co-fruit-smoothies-orchard","name":"Orchard Blast Fruit Smoothie Flavoured Jellies","brand":"The Natural Confectionery Co.","imageUrls":["https://shop.coles.com.au/wcsstore/Coles-CAS/images/3/6/1/3615012.jpg"],"storeId":"coles","packageSize":"200g","cupPrice":"$1.00 per 100G","locations":{"VIC":{"price":2,"discountRate":50,"promo":"","orgPrice":4}},"categoryIds":["c-entertaining-at-home","c-pantry"],"similarProductIds":[]},{"id":"zooper-dooper-your-favourites","name":"Your Favourites Ice Tubes 24 Pack","brand":"Zooper Dooper","imageUrls":["https://shop.coles.com.au/wcsstore/Coles-CAS/images/3/2/8/3283932.jpg"],"storeId":"coles","packageSize":"1.68L","cupPrice":"$0.17 per 100mL","locations":{"VIC":{"price":2.9,"discountRate":50,"promo":"","orgPrice":5.8}},"categoryIds":["c-entertaining-at-home","c-frozen"],"similarProductIds":[]},{"id":"allens-jelly-beans","name":"Jelly Beans","brand":"Allen's","imageUrls":["https://shop.coles.com.au/wcsstore/Coles-CAS/images/5/1/9/5196840.jpg"],"storeId":"coles","packageSize":"190g","cupPrice":"$1.58 per 100G","locations":{"VIC":{"price":3,"discountRate":17,"promo":"Any 2 $5","orgPrice":3}},"categoryIds":["c-entertaining-at-home","c-pantry"],"similarProductIds":[]},{"id":"allens-pineapples","name":"Pineapples","brand":"Allen's","imageUrls":["https://shop.coles.com.au/wcsstore/Coles-CAS/images/2/2/1/2211186.jpg"],"storeId":"coles","packageSize":"170g","cupPrice":"$1.76 per 100G","locations":{"VIC":{"price":3,"discountRate":17,"promo":"Any 2 $5","orgPrice":3}},"categoryIds":["c-entertaining-at-home","c-pantry"],"similarProductIds":[]},{"id":"allens-25-less-sugar-candy-grubs","name":"25% Less Sugar Candy Grubs","brand":"Allen's","imageUrls":["https://shop.coles.com.au/wcsstore/Coles-CAS/images/3/6/1/3612910.jpg"],"storeId":"coles","packageSize":"170g","cupPrice":"$1.76 per 100G","locations":{"VIC":{"price":3,"discountRate":17,"promo":"Any 2 $5","orgPrice":3}},"categoryIds":["c-entertaining-at-home","c-pantry"],"similarProductIds":[]},{"id":"arnotts-crispbread-salada-light-original","name":"Light Original Salada","brand":"Arnott's","imageUrls":["https://shop.coles.com.au/wcsstore/Coles-CAS/images/7/4/1/7411932.jpg"],"storeId":"coles","packageSize":"250g","cupPrice":"$1.00 per 100G","locations":{"VIC":{"price":2.5,"discountRate":22,"promo":"","orgPrice":3.2}},"categoryIds":["c-entertaining-at-home","c-pantry"],"similarProductIds":[]},{"id":"bic-u140-fluo-utility-lighter","name":"Mega Lighter","brand":"Bic","imageUrls":["https://shop.coles.com.au/wcsstore/Coles-CAS/images/2/3/9/2396252.jpg"],"storeId":"coles","packageSize":"","cupPrice":"$4.90 per 1Ea","locations":{"VIC":{"price":4.9,"discountRate":30,"promo":"","orgPrice":7}},"categoryIds":["c-entertaining-at-home","c-household"],"similarProductIds":[]},{"id":"black-swan-classic-corn-relish","name":"Corn Relish","brand":"Black Swan","imageUrls":["https://shop.coles.com.au/wcsstore/Coles-CAS/images/3/4/2/3423452.jpg"],"storeId":"coles","packageSize":"200g","cupPrice":"$1.75 per 100G","locations":{"VIC":{"price":3.5,"discountRate":14,"promo":"Any 2 $6","orgPrice":3.5}},"categoryIds":["c-entertaining-at-home","c-dairy-eggs--meals"],"similarProductIds":[]},{"id":"cadbury-share-pack-chocolate-flake","name":"Flake Chocolate Multipack 12 Treats","brand":"Cadbury","imageUrls":["https://shop.coles.com.au/wcsstore/Coles-CAS/images/6/3/8/6387592.jpg"],"storeId":"coles","packageSize":"168g","cupPrice":"$2.08 per 100G","locations":{"VIC":{"price":3.5,"discountRate":30,"promo":"","orgPrice":5}},"categoryIds":["c-entertaining-at-home","c-pantry"],"similarProductIds":[]},{"id":"coca-cola-coke-zero-375ml-cans","name":"Vanilla Flavour Coke Multipack Cans 375mL","brand":"Coca-Cola","imageUrls":["https://shop.coles.com.au/wcsstore/Coles-CAS/images/1/8/4/1849293.jpg"],"storeId":"coles","packageSize":"10 pack","cupPrice":"$3.28 per 1L","locations":{"VIC":{"price":12.3,"discountRate":43,"promo":"Any 2 $14","orgPrice":12.3}},"categoryIds":["c-entertaining-at-home","c-drinks"],"similarProductIds":[]},{"id":"coca-cola-coke-300ml-bottles-7910342p","name":"Classic Coke Multipack 300mL","brand":"Coca-Cola","imageUrls":["https://shop.coles.com.au/wcsstore/Coles-CAS/images/7/9/1/7910342.jpg"],"storeId":"coles","packageSize":"12 pack","cupPrice":"$2.50 per 1L","locations":{"VIC":{"price":9,"discountRate":36,"promo":"","orgPrice":14}},"categoryIds":["c-entertaining-at-home","c-drinks"],"similarProductIds":[]},{"id":"coles-beef-burgers","name":"Beef Burgers","brand":"Coles","imageUrls":["https://shop.coles.com.au/wcsstore/Coles-CAS/images/2/5/6/2563875.jpg"],"storeId":"coles","packageSize":"500g","cupPrice":"$14.00 per 1Kg","locations":{"VIC":{"price":7,"discountRate":14,"promo":"Any 2 $12","orgPrice":7}},"categoryIds":["c-entertaining-at-home","c-meat-seafood--deli"],"similarProductIds":[]},{"id":"cook-dine-plastic-white-dinner-plates","name":"Plastic White Dinner Plates","brand":"Cook & Dine","imageUrls":["https://shop.coles.com.au/wcsstore/Coles-CAS/images/2/3/7/2371466.jpg"],"storeId":"coles","packageSize":"20 pack","cupPrice":"$0.17 per 1Ea","locations":{"VIC":{"price":3.3,"discountRate":24,"promo":"Any 2 $5","orgPrice":3.3}},"categoryIds":["c-entertaining-at-home","c-household"],"similarProductIds":[]},{"id":"cook-dine-plastic-white-bowl","name":"White Plastic Bowls","brand":"Cook & Dine","imageUrls":["https://shop.coles.com.au/wcsstore/Coles-CAS/images/2/3/6/2369169.jpg"],"storeId":"coles","packageSize":"20 pack","cupPrice":"$0.17 per 1Ea","locations":{"VIC":{"price":3.3,"discountRate":24,"promo":"Any 2 $5","orgPrice":3.3}},"categoryIds":["c-entertaining-at-home","c-household"],"similarProductIds":[]},{"id":"darrell-lea-choc-twists-dark-choc-liquorice","name":"Chocolate Twists Dark Chocolate Liquorice","brand":"Darrell Lea","imageUrls":["https://shop.coles.com.au/wcsstore/Coles-CAS/images/3/4/4/3449274.jpg"],"storeId":"coles","packageSize":"200g","cupPrice":"$1.50 per 100G","locations":{"VIC":{"price":3,"discountRate":25,"promo":"","orgPrice":4}},"categoryIds":["c-entertaining-at-home","c-pantry"],"similarProductIds":[]},{"id":"don-ham-honey-roasted-shaved","name":"Honey Roasted Sliced Leg Ham","brand":"Don","imageUrls":["https://shop.coles.com.au/wcsstore/Coles-CAS/images/7/4/3/7433243.jpg"],"storeId":"coles","packageSize":"250g","cupPrice":"$12.80 per 1Kg","locations":{"VIC":{"price":3.2,"discountRate":0,"promo":"","orgPrice":3.2}},"categoryIds":["c-entertaining-at-home","c-dairy-eggs--meals"],"similarProductIds":[]},{"id":"dr-oetker-ristorante-pizza-hawaii","name":"Frozen Ristorante Hawaii Pizza","brand":"Dr. Oetker","imageUrls":["https://shop.coles.com.au/wcsstore/Coles-CAS/images/8/6/3/8634954.jpg"],"storeId":"coles","packageSize":"355g","cupPrice":"$1.55 per 100G","locations":{"VIC":{"price":5.5,"discountRate":27,"promo":"","orgPrice":7.5}},"categoryIds":["c-entertaining-at-home","c-frozen"],"similarProductIds":[]},{"id":"fever-tree-elderflower-tonic-water-multipack-bottles-200ml","name":"Elderflower Tonic Water Multipack Bottles 200mL","brand":"Fever Tree","imageUrls":["https://shop.coles.com.au/wcsstore/Coles-CAS/images/3/5/3/3536674.jpg"],"storeId":"coles","packageSize":"4 pack","cupPrice":"$7.50 per 1L","locations":{"VIC":{"price":6,"discountRate":14,"promo":"","orgPrice":7}},"categoryIds":["c-entertaining-at-home","c-drinks"],"similarProductIds":[]},{"id":"fountain-tomato-sauce","name":"Tomato Sauce","brand":"Fountain","imageUrls":["https://shop.coles.com.au/wcsstore/Coles-CAS/images/7/2/6/7265171.jpg"],"storeId":"coles","packageSize":"2L","cupPrice":"$0.27 per 100mL","locations":{"VIC":{"price":5.4,"discountRate":10,"promo":"","orgPrice":6}},"categoryIds":["c-entertaining-at-home","c-pantry"],"similarProductIds":[]},{"id":"four-n-twenty-pies-angus-beef-pepper-frozen","name":"Frozen Angus Beef & Pepper Pies 4 pack","brand":"Four'N Twenty","imageUrls":["https://shop.coles.com.au/wcsstore/Coles-CAS/images/7/7/8/7785386.jpg"],"storeId":"coles","packageSize":"760g","cupPrice":"$0.92 per 100G","locations":{"VIC":{"price":7,"discountRate":30,"promo":"","orgPrice":10}},"categoryIds":["c-entertaining-at-home","c-frozen"],"similarProductIds":[]},{"id":"four-n-twenty-beef-golden-ale-pies","name":"Frozen Angus Craft Beer & Classic Beef Pies With Golden Ale 4 Pack","brand":"Four'N Twenty","imageUrls":["https://shop.coles.com.au/wcsstore/Coles-CAS/images/3/0/5/3050617.jpg"],"storeId":"coles","packageSize":"700g","cupPrice":"$1.00 per 100G","locations":{"VIC":{"price":7,"discountRate":30,"promo":"","orgPrice":10}},"categoryIds":["c-entertaining-at-home","c-frozen"],"similarProductIds":[]},{"id":"haagen-dazs-salted-caramel-ice-cream","name":"Salted Caramel Ice Cream Tub","brand":"Haagen-Dazs","imageUrls":["https://shop.coles.com.au/wcsstore/Coles-CAS/images/2/7/5/2752700.jpg"],"storeId":"coles","packageSize":"457mL","cupPrice":"$1.53 per 100mL","locations":{"VIC":{"price":7,"discountRate":39,"promo":"","orgPrice":11.5}},"categoryIds":["c-entertaining-at-home","c-frozen"],"similarProductIds":[]},{"id":"jonnys-popcorn-delights-caramel-3531546p","name":"Caramel Popcorn Delights","brand":"Jonny's","imageUrls":["https://shop.coles.com.au/wcsstore/Coles-CAS/images/3/5/3/3531546.jpg"],"storeId":"coles","packageSize":"142g","cupPrice":"$1.41 per 100G","locations":{"VIC":{"price":2,"discountRate":29,"promo":"","orgPrice":2.8}},"categoryIds":["c-entertaining-at-home","c-pantry"],"similarProductIds":[]},{"id":"kettle-flat-bread-crackers-sea-salt","name":"Sea Salt Flat Bread Crackers","brand":"Kettle","imageUrls":["https://shop.coles.com.au/wcsstore/Coles-CAS/images/3/4/9/3496445.jpg"],"storeId":"coles","packageSize":"150g","cupPrice":"$3.00 per 100G","locations":{"VIC":{"price":4.5,"discountRate":22,"promo":"Any 2 $7","orgPrice":4.5}},"categoryIds":["c-entertaining-at-home","c-pantry"],"similarProductIds":[]},{"id":"lindt-lindor-chocolate-balls-assorted-gift-box","name":"Lindor Assorted Chocolate Balls Gift Box","brand":"Lindt","imageUrls":["https://shop.coles.com.au/wcsstore/Coles-CAS/images/8/7/3/8731258.jpg"],"storeId":"coles","packageSize":"235g","cupPrice":"$4.26 per 100G","locations":{"VIC":{"price":10,"discountRate":50,"promo":"","orgPrice":20}},"categoryIds":["c-entertaining-at-home","c-pantry"],"similarProductIds":[]},{"id":"mars-m-ms-crispy","name":"Crispy Chocolate Bag Medium","brand":"M&M's","imageUrls":["https://shop.coles.com.au/wcsstore/Coles-CAS/images/8/5/3/8530198.jpg"],"storeId":"coles","packageSize":"145g","cupPrice":"$2.07 per 100G","locations":{"VIC":{"price":3,"discountRate":33,"promo":"","orgPrice":4.5}},"categoryIds":["c-entertaining-at-home","c-pantry"],"similarProductIds":[]},{"id":"mars-m-ms-minis","name":"Minis Chocolate Bag Medium","brand":"M&M's","imageUrls":["https://shop.coles.com.au/wcsstore/Coles-CAS/images/9/7/7/9773038.jpg"],"storeId":"coles","packageSize":"145g","cupPrice":"$2.07 per 100G","locations":{"VIC":{"price":3,"discountRate":33,"promo":"","orgPrice":4.5}},"categoryIds":["c-entertaining-at-home","c-pantry"],"similarProductIds":[]},{"id":"maggie-beer-duck-orange-pate-3116056p","name":"Duck & Orange Pate","brand":"Maggie Beer","imageUrls":["https://shop.coles.com.au/wcsstore/Coles-CAS/images/3/1/1/3116056.jpg"],"storeId":"coles","packageSize":"120g","cupPrice":"$5.00 per 100G","locations":{"VIC":{"price":6,"discountRate":14,"promo":"","orgPrice":7}},"categoryIds":["c-entertaining-at-home","c-dairy-eggs--meals"],"similarProductIds":[]},{"id":"maggie-beer-pheasant-farm-pate-3115971p","name":"Pheasant Farm Pate","brand":"Maggie Beer","imageUrls":["https://shop.coles.com.au/wcsstore/Coles-CAS/images/3/1/1/3115971.jpg"],"storeId":"coles","packageSize":"120g","cupPrice":"$5.00 per 100G","locations":{"VIC":{"price":6,"discountRate":14,"promo":"","orgPrice":7}},"categoryIds":["c-entertaining-at-home","c-dairy-eggs--meals"],"similarProductIds":[]},{"id":"marathon-hot-dogs-puffy-cocktail-frozen-20-pack","name":"Frozen Puffy Dogs 20 pack","brand":"Marathon","imageUrls":["https://shop.coles.com.au/wcsstore/Coles-CAS/images/9/6/6/9666800.jpg"],"storeId":"coles","packageSize":"600g","cupPrice":"$0.87 per 100G","locations":{"VIC":{"price":5.2,"discountRate":34,"promo":"","orgPrice":7.9}},"categoryIds":["c-entertaining-at-home","c-frozen"],"similarProductIds":[]},{"id":"chans-yum-cha-at-home-prawn-hargow","name":"Frozen Prawn Hargow Dumplings 12 pack","brand":"Mr Chen's","imageUrls":["https://shop.coles.com.au/wcsstore/Coles-CAS/images/9/5/1/9513445.jpg"],"storeId":"coles","packageSize":"300g","cupPrice":"$1.67 per 100G","locations":{"VIC":{"price":5,"discountRate":33,"promo":"","orgPrice":7.5}},"categoryIds":["c-entertaining-at-home","c-frozen"],"similarProductIds":[]},{"id":"chans-yum-cha-at-home-ginger-prawn-dumpling","name":"Frozen Ginger Prawn Dumpling 8 pack","brand":"Mr Chen's","imageUrls":["https://shop.coles.com.au/wcsstore/Coles-CAS/images/2/5/0/2508550.jpg"],"storeId":"coles","packageSize":"240g","cupPrice":"$2.08 per 100G","locations":{"VIC":{"price":5,"discountRate":33,"promo":"","orgPrice":7.5}},"categoryIds":["c-entertaining-at-home","c-frozen"],"similarProductIds":[]},{"id":"nobbys-nuts-beernuts","name":"Beernuts","brand":"Nobby's","imageUrls":["https://shop.coles.com.au/wcsstore/Coles-CAS/images/1/8/4/184253.jpg"],"storeId":"coles","packageSize":"375g","cupPrice":"$8.00 per 1Kg","locations":{"VIC":{"price":3,"discountRate":14,"promo":"","orgPrice":3.5}},"categoryIds":["c-entertaining-at-home","c-pantry"],"similarProductIds":[]},{"id":"old-el-paso-burrito-kit","name":"Burrito Kit Mild","brand":"Old El Paso","imageUrls":["https://shop.coles.com.au/wcsstore/Coles-CAS/images/7/8/8/7886168.jpg"],"storeId":"coles","packageSize":"485g","cupPrice":"$1.03 per 100G","locations":{"VIC":{"price":5,"discountRate":0,"promo":"","orgPrice":5}},"categoryIds":["c-entertaining-at-home","c-international-foods"],"similarProductIds":[]},{"id":"old-el-paso-enchilada-kit","name":"Enchilada Kit Mild","brand":"Old El Paso","imageUrls":["https://shop.coles.com.au/wcsstore/Coles-CAS/images/7/0/1/7010920.jpg"],"storeId":"coles","packageSize":"520g","cupPrice":"$0.96 per 100G","locations":{"VIC":{"price":5,"discountRate":0,"promo":"","orgPrice":5}},"categoryIds":["c-entertaining-at-home","c-international-foods"],"similarProductIds":[]},{"id":"old-el-paso-stand-n-stuff-mini-taco-shell-kit","name":"Stand 'N Stuff Mini Taco Kit Mild 12 pack","brand":"Old El Paso","imageUrls":["https://shop.coles.com.au/wcsstore/Coles-CAS/images/2/7/4/2745737.jpg"],"storeId":"coles","packageSize":"275g","cupPrice":"$1.82 per 100G","locations":{"VIC":{"price":5,"discountRate":29,"promo":"","orgPrice":7}},"categoryIds":["c-entertaining-at-home","c-international-foods"],"similarProductIds":[]},{"id":"old-el-paso-kit-gluten-free-soft-taco","name":"Gluten Free Soft Taco Kit","brand":"Old El Paso","imageUrls":["https://shop.coles.com.au/wcsstore/Coles-CAS/images/3/1/9/3198684.jpg"],"storeId":"coles","packageSize":"418g","cupPrice":"$1.20 per 100G","locations":{"VIC":{"price":5,"discountRate":29,"promo":"","orgPrice":7}},"categoryIds":["c-entertaining-at-home","c-international-foods","c-healthy-living"],"similarProductIds":[]},{"id":"schweppes-pepsi-max-300ml-glass-bottles","name":"Max Multipack Bottles 300mL","brand":"Pepsi","imageUrls":["https://shop.coles.com.au/wcsstore/Coles-CAS/images/2/6/8/2684246.jpg"],"storeId":"coles","packageSize":"4 pack","cupPrice":"$4.38 per 1L","locations":{"VIC":{"price":5.25,"discountRate":14,"promo":"Any 2 $9","orgPrice":5.25}},"categoryIds":["c-entertaining-at-home","c-drinks"],"similarProductIds":[]},{"id":"praise-mayonnaise-whole-egg-9821345p","name":"Whole Egg Mayonnaise","brand":"Praise","imageUrls":["https://shop.coles.com.au/wcsstore/Coles-CAS/images/9/8/2/9821345.jpg"],"storeId":"coles","packageSize":"445g","cupPrice":"$0.97 per 100G","locations":{"VIC":{"price":4.3,"discountRate":14,"promo":"","orgPrice":5}},"categoryIds":["c-entertaining-at-home","c-pantry"],"similarProductIds":[]},{"id":"red-rock-deli--nuts-honey-salt","name":"Nuts Sweet Honey & Sea Salt","brand":"Red Rock Deli","imageUrls":["https://shop.coles.com.au/wcsstore/Coles-CAS/images/2/9/6/2962451.jpg"],"storeId":"coles","packageSize":"130g","cupPrice":"$26.92 per 1Kg","locations":{"VIC":{"price":3.5,"discountRate":13,"promo":"","orgPrice":4}},"categoryIds":["c-entertaining-at-home","c-pantry"],"similarProductIds":[]},{"id":"red-rock-deli-mixed-nuts-balsamic-vinegar-chilli","name":"Balsamic Vinegar & Chilli Roasted Mixed Nuts","brand":"Red Rock Deli","imageUrls":["https://shop.coles.com.au/wcsstore/Coles-CAS/images/3/5/7/3572190.jpg"],"storeId":"coles","packageSize":"100g","cupPrice":"$3.50 per 100G","locations":{"VIC":{"price":3.5,"discountRate":13,"promo":"","orgPrice":4}},"categoryIds":["c-entertaining-at-home","c-pantry"],"similarProductIds":[]},{"id":"schweppes-mixer-lemonade-300ml-bottles","name":"Lemonade Bottles 300mL","brand":"Schweppes","imageUrls":["https://shop.coles.com.au/wcsstore/Coles-CAS/images/7/3/5/7351954.jpg"],"storeId":"coles","packageSize":"4 pack","cupPrice":"$4.38 per 1L","locations":{"VIC":{"price":5.25,"discountRate":14,"promo":"Any 2 $9","orgPrice":5.25}},"categoryIds":["c-entertaining-at-home","c-drinks"],"similarProductIds":[]},{"id":"schweppes-signature-series-tonic-bottle","name":"Signature Series Tonic Bottle 300mL","brand":"Schweppes","imageUrls":["https://shop.coles.com.au/wcsstore/Coles-CAS/images/3/5/3/3530168.jpg"],"storeId":"coles","packageSize":"4 pack","cupPrice":"$3.75 per 1L","locations":{"VIC":{"price":4.5,"discountRate":25,"promo":"","orgPrice":6}},"categoryIds":["c-entertaining-at-home","c-drinks"],"similarProductIds":[]},{"id":"steggles-chicken-kiev-garlic-mini-frozen","name":"Frozen Garlic Mini Chicken Kiev Balls","brand":"Steggles","imageUrls":["https://shop.coles.com.au/wcsstore/Coles-CAS/images/1/2/4/1248158.jpg"],"storeId":"coles","packageSize":"400g","cupPrice":"$19.00 per 1Kg","locations":{"VIC":{"price":7.6,"discountRate":20,"promo":"","orgPrice":9.5}},"categoryIds":["c-entertaining-at-home","c-frozen"],"similarProductIds":[]},{"id":"steggles-honey-soy-tenders","name":"Frozen Honey Soy Frozen Chicken Breast Tenders","brand":"Steggles","imageUrls":["https://shop.coles.com.au/wcsstore/Coles-CAS/images/3/2/3/3230754.jpg"],"storeId":"coles","packageSize":"400g","cupPrice":"$11.25 per 1Kg","locations":{"VIC":{"price":4.5,"discountRate":50,"promo":"","orgPrice":9}},"categoryIds":["c-entertaining-at-home","c-frozen"],"similarProductIds":[]},{"id":"streets-paddle-pop-rainbow","name":"Paddle Pop Rainbow Ice Cream Sticks 6 pack","brand":"Streets","imageUrls":["https://shop.coles.com.au/wcsstore/Coles-CAS/images/3/1/2/3123481.jpg"],"storeId":"coles","packageSize":"408 mL","cupPrice":"$0.74 per 100mL","locations":{"VIC":{"price":3,"discountRate":40,"promo":"","orgPrice":5}},"categoryIds":["c-entertaining-at-home","c-frozen"],"similarProductIds":[]},{"id":"natural-chip-co-corn-chips-sour-cream-chives","name":"Sour Cream & Chives Tortilla Strips","brand":"The Natural Chip Co.","imageUrls":["https://shop.coles.com.au/wcsstore/Coles-CAS/images/3/5/7/3574119.jpg"],"storeId":"coles","packageSize":"175g","cupPrice":"$1.71 per 100G","locations":{"VIC":{"price":3,"discountRate":14,"promo":"","orgPrice":3.5}},"categoryIds":["c-entertaining-at-home","c-pantry"],"similarProductIds":[]},{"id":"the-natural-confectionary-co-berry-bliss","name":"Berry Bliss Lollies","brand":"The Natural Confectionary Co.","imageUrls":["https://shop.coles.com.au/wcsstore/Coles-CAS/images/2/3/5/2351196.jpg"],"storeId":"coles","packageSize":"200g","cupPrice":"$1.00 per 100G","locations":{"VIC":{"price":2,"discountRate":50,"promo":"","orgPrice":4}},"categoryIds":["c-entertaining-at-home","c-pantry"],"similarProductIds":[]},{"id":"toblerone-chocolate-bar-milk-4660147p","name":"Milk Chocolate Gift Bar","brand":"Toblerone","imageUrls":["https://shop.coles.com.au/wcsstore/Coles-CAS/images/4/6/6/4660147.jpg"],"storeId":"coles","packageSize":"360g","cupPrice":"$2.08 per 100G","locations":{"VIC":{"price":7.5,"discountRate":25,"promo":"","orgPrice":10}},"categoryIds":["c-entertaining-at-home","c-pantry"],"similarProductIds":[]},{"id":"v-energy-drink-original-sugar-free-4-x-275ml-cans","name":"Energy Drink Original Sugar Free 4 x 275ml cans","brand":"V","imageUrls":["https://shop.coles.com.au/wcsstore/Coles-CAS/images/2/3/8/2383352.jpg"],"storeId":"coles","packageSize":"4 pack","cupPrice":"$8.50 per 1L","locations":{"VIC":{"price":9.35,"discountRate":36,"promo":"Any 2 $12","orgPrice":9.35}},"categoryIds":["c-entertaining-at-home","c-drinks"],"similarProductIds":[]},{"id":"allens-sherbies-sour-fizz-chews","name":"Sherbies Sour Fizz Chews","brand":"Allen's","imageUrls":["https://shop.coles.com.au/wcsstore/Coles-CAS/images/3/4/4/3448250.jpg"],"storeId":"coles","packageSize":"150g","cupPrice":"$2.00 per 100G","locations":{"VIC":{"price":3,"discountRate":17,"promo":"Any 2 $5","orgPrice":3}},"categoryIds":["c-entertaining-at-home","c-pantry"],"similarProductIds":[]},{"id":"farmers-best-dip-bacon-onion","name":"Crafted Crispy Bacon & Caramelised Onion Dip","brand":"Black Swan","imageUrls":["https://shop.coles.com.au/wcsstore/Coles-CAS/images/9/9/8/9980190.jpg"],"storeId":"coles","packageSize":"200g","cupPrice":"$2.15 per 100G","locations":{"VIC":{"price":4.3,"discountRate":19,"promo":"Any 2 $7","orgPrice":4.3}},"categoryIds":["c-entertaining-at-home","c-dairy-eggs--meals"],"similarProductIds":[]},{"id":"bundaberg-brewed-4x375ml-drink-ginger-lemon-myrtle","name":"Limited Edition Ginger Beer & Lemon Myrtle Multipack Bottles 375mL","brand":"Bundaberg","imageUrls":["https://shop.coles.com.au/wcsstore/Coles-CAS/images/3/4/4/3449591.jpg"],"storeId":"coles","packageSize":"4 pack","cupPrice":"$1.90 per 1L","locations":{"VIC":{"price":2.85,"discountRate":50,"promo":"","orgPrice":5.7}},"categoryIds":["c-entertaining-at-home","c-drinks"],"similarProductIds":[]},{"id":"cadbury-share-pack-turkish-delight","name":"Fry's Turkish Delight Chocolate Bar Multipack","brand":"Cadbury","imageUrls":["https://shop.coles.com.au/wcsstore/Coles-CAS/images/9/5/8/9589265.jpg"],"storeId":"coles","packageSize":"180g","cupPrice":"$1.94 per 100G","locations":{"VIC":{"price":3.5,"discountRate":30,"promo":"","orgPrice":5}},"categoryIds":["c-entertaining-at-home","c-pantry"],"similarProductIds":[]},{"id":"cadbury-roses-gift-pouch","name":"Milk & Dark Chocolates Roses Gift Pouch","brand":"Cadbury","imageUrls":["https://shop.coles.com.au/wcsstore/Coles-CAS/images/3/2/8/3287547.jpg"],"storeId":"coles","packageSize":"150g","cupPrice":"$3.33 per 100G","locations":{"VIC":{"price":5,"discountRate":23,"promo":"","orgPrice":6.5}},"categoryIds":["c-entertaining-at-home","c-pantry"],"similarProductIds":[]},{"id":"coca-cola-sprite-lemonade-375ml-cans","name":"Sprite Soft Drink Lemon Lime 375mL","brand":"Coca-Cola","imageUrls":["https://shop.coles.com.au/wcsstore/Coles-CAS/images/1/8/4/1849329.jpg"],"storeId":"coles","packageSize":"10 Pack","cupPrice":"$3.28 per 1L","locations":{"VIC":{"price":12.3,"discountRate":43,"promo":"Any 2 $14","orgPrice":12.3}},"categoryIds":["c-entertaining-at-home","c-drinks"],"similarProductIds":[]},{"id":"coca-cola-diet-coke-caffeine-free-375ml-cans","name":"Diet Caffeine Free Coke Multipack Cans 375mL","brand":"Coca-Cola","imageUrls":["https://shop.coles.com.au/wcsstore/Coles-CAS/images/1/8/4/1849282.jpg"],"storeId":"coles","packageSize":"10 Pack","cupPrice":"$3.28 per 1L","locations":{"VIC":{"price":12.3,"discountRate":43,"promo":"Any 2 $14","orgPrice":12.3}},"categoryIds":["c-entertaining-at-home","c-drinks"],"similarProductIds":[]},{"id":"coles-lemon-lime-bitters-mixers-300ml","name":"Lemon Lime & Bitters Flavoured Sparkling Mixers Multipack Bottles 300mL","brand":"Coles","imageUrls":["https://shop.coles.com.au/wcsstore/Coles-CAS/images/2/7/7/2777981.jpg"],"storeId":"coles","packageSize":"4 pack","cupPrice":"$1.67 per 1L","locations":{"VIC":{"price":2,"discountRate":0,"promo":"","orgPrice":2}},"categoryIds":["c-entertaining-at-home","c-drinks"],"similarProductIds":[]},{"id":"nestle-connoisseur-ice-cream-cafe-grande","name":"Cafe Grande Gourmet Ice Cream Tub","brand":"Connoisseur","imageUrls":["https://shop.coles.com.au/wcsstore/Coles-CAS/images/5/2/8/5289995.jpg"],"storeId":"coles","packageSize":"1L","cupPrice":"$0.75 per 100mL","locations":{"VIC":{"price":7.5,"discountRate":32,"promo":"","orgPrice":11}},"categoryIds":["c-entertaining-at-home","c-frozen"],"similarProductIds":[]},{"id":"cook-dine-clear-tumbler-450ml","name":"Large Plastic Tumblers 450mL","brand":"Cook & Dine","imageUrls":["https://shop.coles.com.au/wcsstore/Coles-CAS/images/1/5/4/1548322.jpg"],"storeId":"coles","packageSize":"24 pack","cupPrice":"$0.14 per 1Ea","locations":{"VIC":{"price":3.3,"discountRate":24,"promo":"Any 2 $5","orgPrice":3.3}},"categoryIds":["c-entertaining-at-home","c-household"],"similarProductIds":[]},{"id":"fever-tree-mediterranean-tonic-water","name":"Naturally Light Tonic Water 200mL","brand":"Fever Tree","imageUrls":["https://shop.coles.com.au/wcsstore/Coles-CAS/images/3/0/4/3048783.jpg"],"storeId":"coles","packageSize":"4 pack","cupPrice":"$7.50 per 1L","locations":{"VIC":{"price":6,"discountRate":14,"promo":"","orgPrice":7}},"categoryIds":["c-entertaining-at-home","c-drinks"],"similarProductIds":[]},{"id":"fountain-bbq-sauce","name":"Barbecue Sauce","brand":"Fountain","imageUrls":["https://shop.coles.com.au/wcsstore/Coles-CAS/images/2/3/5/2359267.jpg"],"storeId":"coles","packageSize":"2L","cupPrice":"$0.27 per 100mL","locations":{"VIC":{"price":5.4,"discountRate":10,"promo":"","orgPrice":6}},"categoryIds":["c-entertaining-at-home","c-pantry"],"similarProductIds":[]},{"id":"four-n-twenty-traveller-classic-beef-pie","name":"Traveller Microwavable Classic Beef Pie","brand":"Four N Twenty","imageUrls":["https://shop.coles.com.au/wcsstore/Coles-CAS/images/3/5/4/3542553.jpg"],"storeId":"coles","packageSize":"160g","cupPrice":"$2.00 per 100G","locations":{"VIC":{"price":3.2,"discountRate":38,"promo":"Any 5 $10","orgPrice":3.2}},"categoryIds":["c-entertaining-at-home","c-frozen"],"similarProductIds":[]},{"id":"fyna-wizz-fizz-sherbet-original","name":"Sherbert Wizz Fizz Original 8 Pack","brand":"Fyna","imageUrls":["https://shop.coles.com.au/wcsstore/Coles-CAS/images/5/9/1/5911887.jpg"],"storeId":"coles","packageSize":"8 pack","cupPrice":"$1.80 per 100G","locations":{"VIC":{"price":1.8,"discountRate":10,"promo":"","orgPrice":2}},"categoryIds":["c-entertaining-at-home","c-pantry"],"similarProductIds":[]},{"id":"hong-kong-dim-sim-kitchen-pork-chive-dumpling","name":"Frozen Pork & Chive Dumplings 10 Pieces","brand":"Hong Kong Dim Sim Kitchen","imageUrls":["https://shop.coles.com.au/wcsstore/Coles-CAS/images/2/3/5/2356724.jpg"],"storeId":"coles","packageSize":"200g","cupPrice":"$1.25 per 100G","locations":{"VIC":{"price":2.5,"discountRate":50,"promo":"","orgPrice":5}},"categoryIds":["c-entertaining-at-home","c-frozen"],"similarProductIds":[]},{"id":"kinder-chocolate-16-treat-sharebag-200g","name":"Chocolate 16 Treat Sharebag","brand":"Kinder","imageUrls":["https://shop.coles.com.au/wcsstore/Coles-CAS/images/2/5/2/2528761.jpg"],"storeId":"coles","packageSize":"200g","cupPrice":"$1.25 per 100G","locations":{"VIC":{"price":2.5,"discountRate":50,"promo":"","orgPrice":5}},"categoryIds":["c-entertaining-at-home","c-pantry"],"similarProductIds":[]},{"id":"kirks-soft-drink-lemonade","name":"Lemonade","brand":"Kirks","imageUrls":["https://shop.coles.com.au/wcsstore/Coles-CAS/images/5/3/9/5399166.jpg"],"storeId":"coles","packageSize":"1.25L","cupPrice":"$0.92 per 1L","locations":{"VIC":{"price":1.15,"discountRate":32,"promo":"","orgPrice":1.7}},"categoryIds":["c-entertaining-at-home","c-drinks"],"similarProductIds":[]},{"id":"m-ms--milk-chocolate","name":"Milk Chocolate Bag Medium","brand":"M&M's","imageUrls":["https://shop.coles.com.au/wcsstore/ColesResponsiveStorefrontAssetStore/dist/ccfc54aed6e361b650bcf0582f7b576b/img/img_product-placeholder.png"],"storeId":"coles","packageSize":"180g","cupPrice":"$1.67 per 100G","locations":{"VIC":{"price":3,"discountRate":33,"promo":"","orgPrice":4.5}},"categoryIds":["c-entertaining-at-home","c-pantry"],"similarProductIds":[]},{"id":"mars-pods-snickers","name":"Snickers Pods Chocolate Medium Bag","brand":"Mars","imageUrls":["https://shop.coles.com.au/wcsstore/Coles-CAS/images/5/8/9/5899759.jpg"],"storeId":"coles","packageSize":"160g","cupPrice":"$1.88 per 100G","locations":{"VIC":{"price":3,"discountRate":33,"promo":"","orgPrice":4.5}},"categoryIds":["c-entertaining-at-home","c-pantry"],"similarProductIds":[]},{"id":"mars-pods-mars","name":"Pods Chocolate","brand":"Mars","imageUrls":["https://shop.coles.com.au/wcsstore/Coles-CAS/images/5/8/9/5899760.jpg"],"storeId":"coles","packageSize":"160g","cupPrice":"$1.88 per 100G","locations":{"VIC":{"price":3,"discountRate":33,"promo":"","orgPrice":4.5}},"categoryIds":["c-entertaining-at-home","c-pantry"],"similarProductIds":[]},{"id":"masterfoods-corn-relish-127249p","name":"Corn Relish","brand":"MasterFoods","imageUrls":["https://shop.coles.com.au/wcsstore/Coles-CAS/images/1/2/7/127249.jpg"],"storeId":"coles","packageSize":"250g","cupPrice":"$1.38 per 100G","locations":{"VIC":{"price":3.45,"discountRate":28,"promo":"Any 2 $5","orgPrice":3.45}},"categoryIds":["c-entertaining-at-home","c-pantry"],"similarProductIds":[]},{"id":"chans-yum-cha-at-home-steam-selections","name":"Frozen Steam Selection Dumplings 9 pack","brand":"Mr Chen's","imageUrls":["https://shop.coles.com.au/wcsstore/Coles-CAS/images/9/5/1/9513467.jpg"],"storeId":"coles","packageSize":"240g","cupPrice":"$2.08 per 100G","locations":{"VIC":{"price":5,"discountRate":33,"promo":"","orgPrice":7.5}},"categoryIds":["c-entertaining-at-home","c-frozen"],"similarProductIds":[]},{"id":"mr-kipling-lemon-snack-pack","name":"Lemon Slices 6 Pack","brand":"Mr Kipling","imageUrls":["https://shop.coles.com.au/wcsstore/Coles-CAS/images/1/6/4/1647164.jpg"],"storeId":"coles","packageSize":"165g","cupPrice":"$1.21 per 100G","locations":{"VIC":{"price":2,"discountRate":50,"promo":"","orgPrice":4}},"categoryIds":["c-entertaining-at-home","c-bread--bakery"],"similarProductIds":[]},{"id":"mr-kipling-angel-slice-2762237p","name":"Angel Slice 6 pack","brand":"Mr Kipling","imageUrls":["https://shop.coles.com.au/wcsstore/Coles-CAS/images/2/7/6/2762237.jpg"],"storeId":"coles","packageSize":"165g","cupPrice":"$1.21 per 100G","locations":{"VIC":{"price":2,"discountRate":50,"promo":"","orgPrice":4}},"categoryIds":["c-entertaining-at-home","c-bread--bakery"],"similarProductIds":[]},{"id":"ocean-spray-cranberry-pomegranate-drink","name":"Cranberry & Pomegranate Fruit Drink","brand":"Ocean Spray","imageUrls":["https://shop.coles.com.au/wcsstore/Coles-CAS/images/7/2/5/7258551.jpg"],"storeId":"coles","packageSize":"1.5L","cupPrice":"$3.80 per 1L","locations":{"VIC":{"price":5.7,"discountRate":39,"promo":"Any 2 $7","orgPrice":5.7}},"categoryIds":["c-entertaining-at-home","c-drinks"],"similarProductIds":[]},{"id":"ocean-spray-ruby-red-grapefruit-drink","name":"Ruby Red Grapefruit Juice","brand":"Ocean Spray","imageUrls":["https://shop.coles.com.au/wcsstore/Coles-CAS/images/4/9/5/4950759.jpg"],"storeId":"coles","packageSize":"1.5L","cupPrice":"$3.80 per 1L","locations":{"VIC":{"price":5.7,"discountRate":39,"promo":"Any 2 $7","orgPrice":5.7}},"categoryIds":["c-entertaining-at-home","c-drinks"],"similarProductIds":[]},{"id":"praise-mayonnaise-traditional","name":"Traditional Mayonnaise","brand":"Praise","imageUrls":["https://shop.coles.com.au/wcsstore/Coles-CAS/images/2/3/6/236175.jpg"],"storeId":"coles","packageSize":"470g","cupPrice":"$0.74 per 100G","locations":{"VIC":{"price":3.5,"discountRate":17,"promo":"","orgPrice":4.2}},"categoryIds":["c-entertaining-at-home","c-pantry"],"similarProductIds":[]},{"id":"pringles-barbeque-potato-chips","name":"BBQ Stacked Potato Chips","brand":"Pringles","imageUrls":["https://shop.coles.com.au/wcsstore/Coles-CAS/images/2/7/8/2784070.jpg"],"storeId":"coles","packageSize":"134g","cupPrice":"$2.99 per 100G","locations":{"VIC":{"price":4,"discountRate":50,"promo":"Any 3 $6","orgPrice":4}},"categoryIds":["c-entertaining-at-home","c-pantry"],"similarProductIds":[]},{"id":"pringles-southern-fried-chicken-flavour-potato-chips","name":"Chicken Schnitty Flavour Potato Chips","brand":"Pringles","imageUrls":["https://shop.coles.com.au/wcsstore/Coles-CAS/images/2/7/8/2784080.jpg"],"storeId":"coles","packageSize":"134g","cupPrice":"$2.99 per 100G","locations":{"VIC":{"price":4,"discountRate":50,"promo":"Any 3 $6","orgPrice":4}},"categoryIds":["c-entertaining-at-home","c-pantry"],"similarProductIds":[]},{"id":"red-bull-zero-energy-drink-zero","name":"Zero Energy Drink Multipack 250mL","brand":"Red Bull","imageUrls":["https://shop.coles.com.au/wcsstore/Coles-CAS/images/1/4/9/1492443.jpg"],"storeId":"coles","packageSize":"4 pack","cupPrice":"$10.20 per 1L","locations":{"VIC":{"price":10.2,"discountRate":36,"promo":"Any 2 $13","orgPrice":10.2}},"categoryIds":["c-entertaining-at-home","c-drinks"],"similarProductIds":[]},{"id":"red-rock-deli-glazed-nut-apple-cinnamon-crumble","name":"Cinnamon & Apple Crumble Glazed Mix","brand":"Red Rock Deli","imageUrls":["https://shop.coles.com.au/wcsstore/Coles-CAS/images/3/5/9/3593180.jpg"],"storeId":"coles","packageSize":"100g","cupPrice":"$3.50 per 100G","locations":{"VIC":{"price":3.5,"discountRate":13,"promo":"","orgPrice":4}},"categoryIds":["c-entertaining-at-home","c-pantry"],"similarProductIds":[]},{"id":"red-rock-deli-glazed-nuts-vanilla-cranberry-honey","name":"Honey Vanilla & Cranberries Glazed Mix","brand":"Red Rock Deli","imageUrls":["https://shop.coles.com.au/wcsstore/Coles-CAS/images/3/5/7/3572204.jpg"],"storeId":"coles","packageSize":"100g","cupPrice":"$3.50 per 100G","locations":{"VIC":{"price":3.5,"discountRate":13,"promo":"","orgPrice":4}},"categoryIds":["c-entertaining-at-home","c-pantry"],"similarProductIds":[]},{"id":"red-rock-deli-nuts-garlic-lemon","name":"Caramelised Garlic & Lemon Roasted Mixed Nuts","brand":"Red Rock Deli","imageUrls":["https://shop.coles.com.au/wcsstore/Coles-CAS/images/3/5/7/3572180.jpg"],"storeId":"coles","packageSize":"100g","cupPrice":"$3.50 per 100G","locations":{"VIC":{"price":3.5,"discountRate":13,"promo":"","orgPrice":4}},"categoryIds":["c-entertaining-at-home","c-pantry"],"similarProductIds":[]},{"id":"sargents-premium-frozen-vegetable-pies-2-pack","name":"Frozen Vegetable Pies 2 pack","brand":"Sargents","imageUrls":["https://shop.coles.com.au/wcsstore/Coles-CAS/images/1/9/0/1905372.jpg"],"storeId":"coles","packageSize":"420g","cupPrice":"$1.07 per 100G","locations":{"VIC":{"price":4.5,"discountRate":24,"promo":"","orgPrice":5.9}},"categoryIds":["c-entertaining-at-home","c-frozen"],"similarProductIds":[]},{"id":"schweppes-signature-series-dry-ginger-mixers-bottle","name":"Signature Series Dry Ginger Mixers Bottle 300mL","brand":"Schweppes","imageUrls":["https://shop.coles.com.au/wcsstore/Coles-CAS/images/3/5/3/3530179.jpg"],"storeId":"coles","packageSize":"4 pack","cupPrice":"$3.75 per 1L","locations":{"VIC":{"price":4.5,"discountRate":25,"promo":"","orgPrice":6}},"categoryIds":["c-entertaining-at-home","c-drinks"],"similarProductIds":[]},{"id":"schweppes-signature-series-soda-water","name":"Signature Series Soda Water 300mL","brand":"Schweppes","imageUrls":["https://shop.coles.com.au/wcsstore/Coles-CAS/images/3/5/3/3530157.jpg"],"storeId":"coles","packageSize":"4 pack","cupPrice":"$3.75 per 1L","locations":{"VIC":{"price":4.5,"discountRate":25,"promo":"","orgPrice":6}},"categoryIds":["c-entertaining-at-home","c-drinks"],"similarProductIds":[]},{"id":"solo-lemon-10x375ml-cans","name":"Lemon Flavour Multipack Cans 375mL","brand":"Solo","imageUrls":["https://shop.coles.com.au/wcsstore/Coles-CAS/images/2/6/8/2684144.jpg"],"storeId":"coles","packageSize":"10 pack","cupPrice":"$1.47 per 1L","locations":{"VIC":{"price":5.52,"discountRate":50,"promo":"","orgPrice":11.05}},"categoryIds":["c-entertaining-at-home","c-drinks"],"similarProductIds":[]},{"id":"south-cape-cheese-wedge-havarti","name":"Buttery & Tangy Havarti Cheese Wedge","brand":"South Cape","imageUrls":["https://shop.coles.com.au/wcsstore/Coles-CAS/images/7/7/6/7768365.jpg"],"storeId":"coles","packageSize":"200g","cupPrice":"$23.50 per 1Kg","locations":{"VIC":{"price":4.7,"discountRate":27,"promo":"","orgPrice":6.4}},"categoryIds":["c-entertaining-at-home","c-dairy-eggs--meals"],"similarProductIds":[]},{"id":"starburst-chews-fruit","name":"Original Fruit Chews Lollies Large Bag","brand":"Starburst","imageUrls":["https://shop.coles.com.au/wcsstore/Coles-CAS/images/3/4/5/3450637.jpg"],"storeId":"coles","packageSize":"235g","cupPrice":"$1.28 per 100G","locations":{"VIC":{"price":3,"discountRate":33,"promo":"","orgPrice":4.5}},"categoryIds":["c-entertaining-at-home","c-pantry"],"similarProductIds":[]},{"id":"steggles-hot-spicy-chicken-tenders","name":"Frozen Hot & Spicy Chicken Breast Tenders","brand":"Steggles","imageUrls":["https://shop.coles.com.au/wcsstore/Coles-CAS/images/2/7/1/2719974.jpg"],"storeId":"coles","packageSize":"400g","cupPrice":"$11.25 per 1Kg","locations":{"VIC":{"price":4.5,"discountRate":50,"promo":"","orgPrice":9}},"categoryIds":["c-entertaining-at-home","c-frozen"],"similarProductIds":[]},{"id":"steggles-chicken-tenders-southern-style","name":"Frozen Southern Style Chicken Breast Tenders","brand":"Steggles","imageUrls":["https://shop.coles.com.au/wcsstore/Coles-CAS/images/2/7/1/2719963.jpg"],"storeId":"coles","packageSize":"400g","cupPrice":"$11.25 per 1Kg","locations":{"VIC":{"price":4.5,"discountRate":50,"promo":"","orgPrice":9}},"categoryIds":["c-entertaining-at-home","c-frozen"],"similarProductIds":[]},{"id":"the-natural-confectionary-co-smoothie-chews","name":"Smoothie Chews","brand":"The Natural Confectionary Co.","imageUrls":["https://shop.coles.com.au/wcsstore/Coles-CAS/images/2/3/5/2351210.jpg"],"storeId":"coles","packageSize":"220g","cupPrice":"$0.91 per 100G","locations":{"VIC":{"price":2,"discountRate":50,"promo":"","orgPrice":4}},"categoryIds":["c-entertaining-at-home","c-pantry"],"similarProductIds":[]},{"id":"the-natural-confec-co-rainbow-snakes","name":"Rainbow Snakes","brand":"The Natural Confectionary Co.","imageUrls":["https://shop.coles.com.au/wcsstore/Coles-CAS/images/3/1/5/3158522.jpg"],"storeId":"coles","packageSize":"220g","cupPrice":"$0.91 per 100G","locations":{"VIC":{"price":2,"discountRate":50,"promo":"","orgPrice":4}},"categoryIds":["c-entertaining-at-home","c-pantry"],"similarProductIds":[]},{"id":"the-natural-confec-co-fruit-smoothies-tropical","name":"Tropical Crush Fruit Smoothie Flavoured Jellies","brand":"The Natural Confectionery Co.","imageUrls":["https://shop.coles.com.au/wcsstore/Coles-CAS/images/3/6/1/3615001.jpg"],"storeId":"coles","packageSize":"200g","cupPrice":"$1.00 per 100G","locations":{"VIC":{"price":2,"discountRate":50,"promo":"","orgPrice":4}},"categoryIds":["c-entertaining-at-home","c-pantry"],"similarProductIds":[]},{"id":"toblerone-gift-pouch","name":"Swiss Milk Chocolate With Honey And Almond Nougat","brand":"Toblerone","imageUrls":["https://shop.coles.com.au/wcsstore/Coles-CAS/images/3/2/8/3287558.jpg"],"storeId":"coles","packageSize":"120g","cupPrice":"$4.17 per 100G","locations":{"VIC":{"price":5,"discountRate":23,"promo":"","orgPrice":6.5}},"categoryIds":["c-entertaining-at-home","c-pantry"],"similarProductIds":[]},{"id":"v-energy-drink-blue-4-x-275ml-cans","name":"Energy Drink Blue 4 x 275ml Cans","brand":"V","imageUrls":["https://shop.coles.com.au/wcsstore/Coles-CAS/images/2/3/8/2383363.jpg"],"storeId":"coles","packageSize":"4 pack","cupPrice":"$8.50 per 1L","locations":{"VIC":{"price":9.35,"discountRate":36,"promo":"Any 2 $12","orgPrice":9.35}},"categoryIds":["c-entertaining-at-home","c-drinks"],"similarProductIds":[]},{"id":"waterthins-cheese-twists-classic-cheddar","name":"Classic Cheddar Cheese Twists  Biscuits","brand":"Waterthins","imageUrls":["https://shop.coles.com.au/wcsstore/Coles-CAS/images/9/4/8/9482330.jpg"],"storeId":"coles","packageSize":"110g","cupPrice":"$2.73 per 100G","locations":{"VIC":{"price":3,"discountRate":25,"promo":"","orgPrice":4}},"categoryIds":["c-entertaining-at-home","c-pantry"],"similarProductIds":[]},{"id":"golden-crumpet-breaks","name":"Crumpet Square 6 pack","brand":"Golden","imageUrls":["https://shop.coles.com.au/wcsstore/Coles-CAS/images/6/0/3/6034275.jpg"],"storeId":"coles","packageSize":"425g","cupPrice":"$0.42 per 1Ea","locations":{"VIC":{"price":2.5,"discountRate":40,"promo":"","orgPrice":4.2}},"categoryIds":["c-bread--bakery"],"similarProductIds":[]},{"id":"golden-crumpets-rounds","name":"Round Crumpets","brand":"Golden","imageUrls":["https://shop.coles.com.au/wcsstore/Coles-CAS/images/3/3/2/332383.jpg"],"storeId":"coles","packageSize":"6 pack","cupPrice":"$0.62 per 1Ea","locations":{"VIC":{"price":3.7,"discountRate":46,"promo":"Any 2 $4","orgPrice":3.7}},"categoryIds":["c-bread--bakery"],"similarProductIds":[]},{"id":"meb-pita-pockets-wholemeal","name":"Wholemeal Pita Pockets 6 pack","brand":"MEB Foods","imageUrls":["https://shop.coles.com.au/wcsstore/Coles-CAS/images/4/8/3/483334.jpg"],"storeId":"coles","packageSize":"250g","cupPrice":"$0.60 per 100G","locations":{"VIC":{"price":1.5,"discountRate":25,"promo":"","orgPrice":2}},"categoryIds":["c-bread--bakery"],"similarProductIds":[]},{"id":"meb-pita-pockets-white","name":"White Pita Pockets 6 pack","brand":"MEB","imageUrls":["https://shop.coles.com.au/wcsstore/Coles-CAS/images/1/0/1/101041.jpg"],"storeId":"coles","packageSize":"250g","cupPrice":"$0.60 per 100G","locations":{"VIC":{"price":1.5,"discountRate":25,"promo":"","orgPrice":2}},"categoryIds":["c-bread--bakery"],"similarProductIds":[]},{"id":"tip-top-cafe-coconut-cranberry","name":"Coconut Cranberry","brand":"Tip Top Cafe","imageUrls":["https://shop.coles.com.au/wcsstore/Coles-CAS/images/3/7/2/3726294.jpg"],"storeId":"coles","packageSize":"500g","cupPrice":"$0.80 per 100G","locations":{"VIC":{"price":4,"discountRate":33,"promo":"","orgPrice":6}},"categoryIds":["c-bread--bakery"],"similarProductIds":[]},{"id":"tip-top--sandwich-thins-lighty-seeded","name":"Sandwich Thins Lighty Seeded","brand":"Tip Top","imageUrls":["https://shop.coles.com.au/wcsstore/Coles-CAS/images/2/9/1/2917071.jpg"],"storeId":"coles","packageSize":"240g","cupPrice":"$1.17 per 100G","locations":{"VIC":{"price":2.8,"discountRate":20,"promo":"","orgPrice":3.5}},"categoryIds":["c-bread--bakery"],"similarProductIds":[]},{"id":"tip-top-sandwich-thins-original","name":"Original Thins Sandwich","brand":"Tip Top","imageUrls":["https://shop.coles.com.au/wcsstore/Coles-CAS/images/2/9/1/2917050.jpg"],"storeId":"coles","packageSize":"240g","cupPrice":"$1.17 per 100G","locations":{"VIC":{"price":2.8,"discountRate":20,"promo":"","orgPrice":3.5}},"categoryIds":["c-bread--bakery"],"similarProductIds":[]},{"id":"bells-whistles-berry-cashew-cake-slices","name":"Berry & Cashew Cake Slices 4 pack","brand":"Bells & Whistles","imageUrls":["https://shop.coles.com.au/wcsstore/Coles-CAS/images/3/6/3/3637423.jpg"],"storeId":"coles","packageSize":"76g","cupPrice":"$2.63 per 100G","locations":{"VIC":{"price":2,"discountRate":33,"promo":"","orgPrice":3}},"categoryIds":["c-bread--bakery"],"similarProductIds":[]},{"id":"mr-kipling-cherry-bakewells-1777410p","name":"Cherry & Almond Bakewells Tarts 6 pack","brand":"Mr Kipling","imageUrls":["https://shop.coles.com.au/wcsstore/Coles-CAS/images/1/7/7/1777410.jpg"],"storeId":"coles","packageSize":"250g","cupPrice":"$8.00 per 1Kg","locations":{"VIC":{"price":2,"discountRate":50,"promo":"","orgPrice":4}},"categoryIds":["c-bread--bakery"],"similarProductIds":[]},{"id":"tip-top-burger-thins","name":"Burger Thins","brand":"Tip Top","imageUrls":["https://shop.coles.com.au/wcsstore/Coles-CAS/images/3/6/1/3612706.jpg"],"storeId":"coles","packageSize":"200g","cupPrice":"$1.40 per 100G","locations":{"VIC":{"price":2.8,"discountRate":20,"promo":"","orgPrice":3.5}},"categoryIds":["c-bread--bakery"],"similarProductIds":[]},{"id":"balconi-cakes-mix-max-10pk","name":"Mix Max Cocoa Cakes 10 pack","brand":"Balconi","imageUrls":["https://shop.coles.com.au/wcsstore/Coles-CAS/images/5/0/8/5088122.jpg"],"storeId":"coles","packageSize":"350g","cupPrice":"$1.26 per 100G","locations":{"VIC":{"price":4.4,"discountRate":20,"promo":"","orgPrice":5.5}},"categoryIds":["c-bread--bakery"],"similarProductIds":[]},{"id":"bells-whistles-nut-truffle-cake-slices","name":"Nut Truffle Cake Slices 4 pack","brand":"Bells & Whistles","imageUrls":["https://shop.coles.com.au/wcsstore/Coles-CAS/images/3/6/3/3637445.jpg"],"storeId":"coles","packageSize":"80g","cupPrice":"$2.50 per 100G","locations":{"VIC":{"price":2,"discountRate":33,"promo":"","orgPrice":3}},"categoryIds":["c-bread--bakery"],"similarProductIds":[]},{"id":"coles-mini-bites-choc-caramel","name":"Mini Bites Chocolate Caramel","brand":"Coles","imageUrls":["https://shop.coles.com.au/wcsstore/Coles-CAS/images/3/7/3/3731228.jpg"],"storeId":"coles","packageSize":"180g","cupPrice":"$2.22 per 100G","locations":{"VIC":{"price":4,"discountRate":11,"promo":"","orgPrice":4.5}},"categoryIds":["c-bread--bakery"],"similarProductIds":[]},{"id":"coles-mini-bites-yoghurt-granola","name":"Mini Bites Yoghurt & Granola","brand":"Coles","imageUrls":["https://shop.coles.com.au/wcsstore/Coles-CAS/images/3/7/3/3731206.jpg"],"storeId":"coles","packageSize":"155g","cupPrice":"$2.58 per 100G","locations":{"VIC":{"price":4,"discountRate":11,"promo":"","orgPrice":4.5}},"categoryIds":["c-bread--bakery"],"similarProductIds":[]},{"id":"coles-mini-bites-choc-sponge-roll","name":"Mini Bites Chocolate Sponge Roll","brand":"Coles","imageUrls":["https://shop.coles.com.au/wcsstore/Coles-CAS/images/3/7/3/3731181.jpg"],"storeId":"coles","packageSize":"200g","cupPrice":"$2.00 per 100G","locations":{"VIC":{"price":4,"discountRate":11,"promo":"","orgPrice":4.5}},"categoryIds":["c-bread--bakery"],"similarProductIds":[]},{"id":"coles-gluten-fre-white-rolls-2pk","name":"Gluten Free White Rolls 2 pack","brand":"Coles","imageUrls":["https://shop.coles.com.au/wcsstore/Coles-CAS/images/3/7/3/3733948.jpg"],"storeId":"coles","packageSize":"140g","cupPrice":"$2.14 per 100G","locations":{"VIC":{"price":3,"discountRate":17,"promo":"Any 2 $5","orgPrice":3}},"categoryIds":["c-bread--bakery"],"similarProductIds":[]},{"id":"coles-gluten-fre-five-sed-rolls-2pk","name":"Gluten Free Five Seed Rolls 2 pack","brand":"Coles","imageUrls":["https://shop.coles.com.au/wcsstore/Coles-CAS/images/3/7/3/3733959.jpg"],"storeId":"coles","packageSize":"140g","cupPrice":"$2.14 per 100G","locations":{"VIC":{"price":3,"discountRate":17,"promo":"Any 2 $5","orgPrice":3}},"categoryIds":["c-bread--bakery"],"similarProductIds":[]},{"id":"simson-s-pantry-low-carb-high-protein-5pk","name":"Low Carb High Protein 5 pack","brand":"Simson's Pantry","imageUrls":["https://shop.coles.com.au/wcsstore/Coles-CAS/images/3/7/5/3758938.jpg"],"storeId":"coles","packageSize":"225g","cupPrice":"$1.78 per 100G","locations":{"VIC":{"price":4,"discountRate":20,"promo":"","orgPrice":5}},"categoryIds":["c-bread--bakery"],"similarProductIds":[]},{"id":"simson-s-pantry-hemp-chia-and-oat-5pk","name":"Hemp Chia And Oat 5 pack","brand":"Simson's Pantry","imageUrls":["https://shop.coles.com.au/wcsstore/Coles-CAS/images/3/7/5/3758949.jpg"],"storeId":"coles","packageSize":"225g","cupPrice":"$1.78 per 100G","locations":{"VIC":{"price":4,"discountRate":20,"promo":"","orgPrice":5}},"categoryIds":["c-bread--bakery"],"similarProductIds":[]},{"id":"cs-coles-coriander-punnet","name":"Coriander Punnet","brand":"Coles","imageUrls":["https://shop.coles.com.au/wcsstore/Coles-CAS/images/3/2/1/3214612.jpg"],"storeId":"coles","packageSize":"15g","cupPrice":"$2.00 per 10G","locations":{"VIC":{"price":3,"discountRate":17,"promo":"Any 2 $5","orgPrice":3}},"categoryIds":["c-fruit--vegetables","c-pantry"],"similarProductIds":[]},{"id":"peas-snow-prepacked-4628326p","name":"Snow Peas Medium Prepacked","brand":"Coles","imageUrls":["https://shop.coles.com.au/wcsstore/Coles-CAS/images/4/6/2/4628326.jpg"],"storeId":"coles","packageSize":"150g","cupPrice":"$1.67 per 100G","locations":{"VIC":{"price":2.5,"discountRate":20,"promo":"Any 2 $4","orgPrice":2.5}},"categoryIds":["c-fruit--vegetables"],"similarProductIds":[]},{"id":"cs-coles-basil-punnet","name":"Basil Punnet","brand":"Coles","imageUrls":["https://shop.coles.com.au/wcsstore/Coles-CAS/images/3/2/1/3214521.jpg"],"storeId":"coles","packageSize":"15g","cupPrice":"$2.00 per 10G","locations":{"VIC":{"price":3,"discountRate":17,"promo":"Any 2 $5","orgPrice":3}},"categoryIds":["c-fruit--vegetables","c-pantry"],"similarProductIds":[]},{"id":"peas-sugar-snap-prepacked-4619289p","name":"Sugar Snap Peas Prepacked","brand":"Coles","imageUrls":["https://shop.coles.com.au/wcsstore/Coles-CAS/images/4/6/1/4619289.jpg"],"storeId":"coles","packageSize":"150g","cupPrice":"$16.67 per 1Kg","locations":{"VIC":{"price":2.5,"discountRate":20,"promo":"Any 2 $4","orgPrice":2.5}},"categoryIds":["c-fruit--vegetables"],"similarProductIds":[]},{"id":"cs-coles-mint-punnet","name":"Mint Punnet","brand":"Coles","imageUrls":["https://shop.coles.com.au/wcsstore/Coles-CAS/images/3/2/1/3214725.jpg"],"storeId":"coles","packageSize":"15g","cupPrice":"$2.00 per 10G","locations":{"VIC":{"price":3,"discountRate":17,"promo":"Any 2 $5","orgPrice":3}},"categoryIds":["c-fruit--vegetables","c-pantry"],"similarProductIds":[]},{"id":"coconut-whole-imported","name":"Coconut Whole","brand":"Coles","imageUrls":["https://shop.coles.com.au/wcsstore/Coles-CAS/images/4/0/9/409557.jpg"],"storeId":"coles","packageSize":"","cupPrice":"$3.00 per 1Ea","locations":{"VIC":{"price":3,"discountRate":0,"promo":"","orgPrice":3}},"categoryIds":["c-fruit--vegetables"],"similarProductIds":[]},{"id":"coles-chicken-mince","name":"RSPCA Approved Chicken Breast Mince","brand":"Coles","imageUrls":["https://shop.coles.com.au/wcsstore/Coles-CAS/images/8/4/2/8428646.jpg"],"storeId":"coles","packageSize":"500g","cupPrice":"$12.00 per 1Kg","locations":{"VIC":{"price":6,"discountRate":17,"promo":"2 for $10","orgPrice":6}},"categoryIds":["c-meat-seafood--deli"],"similarProductIds":[]},{"id":"coles-meatballs-beef-pork","name":"Beef & Pork Meatballs Classic 28 Pack","brand":"Coles","imageUrls":["https://shop.coles.com.au/wcsstore/Coles-CAS/images/3/5/6/3569447.jpg"],"storeId":"coles","packageSize":"560g","cupPrice":"$14.29 per 1Kg","locations":{"VIC":{"price":8,"discountRate":13,"promo":"2 for $14","orgPrice":8}},"categoryIds":["c-meat-seafood--deli"],"similarProductIds":[]},{"id":"ocean-blue-smoked-salmon","name":"Sliced Smoked Salmon","brand":"Ocean Blue","imageUrls":["https://shop.coles.com.au/wcsstore/Coles-CAS/images/3/0/2/3024242.jpg"],"storeId":"coles","packageSize":"100g","cupPrice":"$60.00 per 1Kg","locations":{"VIC":{"price":6,"discountRate":8,"promo":"","orgPrice":6.5}},"categoryIds":["c-meat-seafood--deli"],"similarProductIds":[]},{"id":"ocean-blue-smoked-salmon-350g","name":"Smoked Salmon 350g","brand":"Ocean Blue","imageUrls":["https://shop.coles.com.au/wcsstore/Coles-CAS/images/3/7/9/3796664.jpg"],"storeId":"coles","packageSize":"350g","cupPrice":"$38.57 per 1Kg","locations":{"VIC":{"price":13.5,"discountRate":10,"promo":"","orgPrice":15}},"categoryIds":["c-meat-seafood--deli"],"similarProductIds":[]},{"id":"primo-bacon-premium-short-cut-rindless","name":"Gluten Free Short Cut Bacon Rindless","brand":"Primo","imageUrls":["https://shop.coles.com.au/wcsstore/Coles-CAS/images/4/2/3/4238285.jpg"],"storeId":"coles","packageSize":"750g","cupPrice":"$14.67 per 1Kg","locations":{"VIC":{"price":11,"discountRate":27,"promo":"","orgPrice":15}},"categoryIds":["c-meat-seafood--deli","c-dairy-eggs--meals"],"similarProductIds":[]},{"id":"primo-hungarian-mild-salami","name":"Hungarian Mild Salami","brand":"Primo","imageUrls":["https://shop.coles.com.au/wcsstore/ColesResponsiveStorefrontAssetStore/dist/ccfc54aed6e361b650bcf0582f7b576b/img/img_product-placeholder.png"],"storeId":"coles","packageSize":"120g","cupPrice":"$30.00 per 1Kg","locations":{"VIC":{"price":3.6,"discountRate":10,"promo":"Any 2 $6.50","orgPrice":3.6}},"categoryIds":["c-meat-seafood--deli"],"similarProductIds":[]},{"id":"coles-lamb-rack-roast","name":"Lamb Rack Roast","brand":"Coles","imageUrls":["https://shop.coles.com.au/wcsstore/Coles-CAS/images/9/2/6/9264409.jpg"],"storeId":"coles","packageSize":"approx. 430g","cupPrice":"$29.00 per 1Kg","locations":{"VIC":{"price":12.47,"discountRate":19,"promo":"","orgPrice":15.48}},"categoryIds":["c-meat-seafood--deli"],"similarProductIds":[]},{"id":"primo-shaved-leg-ham","name":"Shaved Leg Ham","brand":"Primo","imageUrls":["https://shop.coles.com.au/wcsstore/ColesResponsiveStorefrontAssetStore/dist/ccfc54aed6e361b650bcf0582f7b576b/img/img_product-placeholder.png"],"storeId":"coles","packageSize":"200g","cupPrice":"$17.00 per 1Kg","locations":{"VIC":{"price":3.4,"discountRate":12,"promo":"Any 2 $6","orgPrice":3.4}},"categoryIds":["c-meat-seafood--deli"],"similarProductIds":[]},{"id":"primo-sliced-champagne-ham","name":"Sliced Champagne Ham","brand":"Primo","imageUrls":["https://shop.coles.com.au/wcsstore/ColesResponsiveStorefrontAssetStore/dist/ccfc54aed6e361b650bcf0582f7b576b/img/img_product-placeholder.png"],"storeId":"coles","packageSize":"180g","cupPrice":"$19.45 per 1Kg","locations":{"VIC":{"price":3.5,"discountRate":14,"promo":"Any 2 $6","orgPrice":3.5}},"categoryIds":["c-meat-seafood--deli"],"similarProductIds":[]},{"id":"primo-chorizo-mild-salami","name":"Chorizo Mild Salami","brand":"Primo","imageUrls":["https://shop.coles.com.au/wcsstore/ColesResponsiveStorefrontAssetStore/dist/ccfc54aed6e361b650bcf0582f7b576b/img/img_product-placeholder.png"],"storeId":"coles","packageSize":"120g","cupPrice":"$30.00 per 1Kg","locations":{"VIC":{"price":3.6,"discountRate":10,"promo":"Any 2 $6.50","orgPrice":3.6}},"categoryIds":["c-meat-seafood--deli"],"similarProductIds":[]},{"id":"tassal-salmon-smoked-salt-reduced","name":"Tasmanian Salt Reduced Smoked Salmon","brand":"Tassal","imageUrls":["https://shop.coles.com.au/wcsstore/Coles-CAS/images/9/8/5/9851481.jpg"],"storeId":"coles","packageSize":"90g","cupPrice":"$70.01 per 1Kg","locations":{"VIC":{"price":6.3,"discountRate":10,"promo":"","orgPrice":7}},"categoryIds":["c-meat-seafood--deli"],"similarProductIds":[]},{"id":"primo-shortcut-bacon-3566085p","name":"Shortcut Bacon","brand":"Primo","imageUrls":["https://shop.coles.com.au/wcsstore/ColesResponsiveStorefrontAssetStore/dist/ccfc54aed6e361b650bcf0582f7b576b/img/img_product-placeholder.png"],"storeId":"coles","packageSize":"200g","cupPrice":"$1.45 per 100Kg","locations":{"VIC":{"price":2.9,"discountRate":15,"promo":"","orgPrice":3.4}},"categoryIds":["c-meat-seafood--deli"],"similarProductIds":[]},{"id":"primo-shaved-leg-ham-3559126p","name":"Sliced Leg Ham","brand":"Primo","imageUrls":["https://shop.coles.com.au/wcsstore/ColesResponsiveStorefrontAssetStore/dist/ccfc54aed6e361b650bcf0582f7b576b/img/img_product-placeholder.png"],"storeId":"coles","packageSize":"200g","cupPrice":"$17.00 per 1Kg","locations":{"VIC":{"price":3.4,"discountRate":12,"promo":"Any 2 $6","orgPrice":3.4}},"categoryIds":["c-meat-seafood--deli"],"similarProductIds":[]},{"id":"don-all-natural-shortcut-bacon-rashers","name":"Gluten Free Short Cut Bacon Rashers","brand":"Don","imageUrls":["https://shop.coles.com.au/wcsstore/Coles-CAS/images/3/0/8/3085429.jpg"],"storeId":"coles","packageSize":"200g","cupPrice":"$30.00 per 1Kg","locations":{"VIC":{"price":6,"discountRate":14,"promo":"","orgPrice":7}},"categoryIds":["c-meat-seafood--deli","c-dairy-eggs--meals"],"similarProductIds":[]},{"id":"primo-sliced-virginian-ham","name":"Sliced Virginian Ham","brand":"Primo","imageUrls":["https://shop.coles.com.au/wcsstore/ColesResponsiveStorefrontAssetStore/dist/ccfc54aed6e361b650bcf0582f7b576b/img/img_product-placeholder.png"],"storeId":"coles","packageSize":"180g","cupPrice":"$21.11 per 1Kg","locations":{"VIC":{"price":3.8,"discountRate":21,"promo":"Any 2 $6","orgPrice":3.8}},"categoryIds":["c-meat-seafood--deli"],"similarProductIds":[]},{"id":"wurstel-chorizo-300g","name":"Chorizo","brand":"Wurstel","imageUrls":["https://shop.coles.com.au/wcsstore/ColesResponsiveStorefrontAssetStore/dist/ccfc54aed6e361b650bcf0582f7b576b/img/img_product-placeholder.png"],"storeId":"coles","packageSize":"300g","cupPrice":"$20.67 per 1Kg","locations":{"VIC":{"price":6.2,"discountRate":10,"promo":"","orgPrice":6.9}},"categoryIds":["c-meat-seafood--deli"],"similarProductIds":[]},{"id":"don-all-natural-pan-size-bacon-rashers","name":"Gluten Free Pan Size Bacon Rashers","brand":"Don","imageUrls":["https://shop.coles.com.au/wcsstore/Coles-CAS/images/3/0/8/3085462.jpg"],"storeId":"coles","packageSize":"200g","cupPrice":"$30.00 per 1Kg","locations":{"VIC":{"price":6,"discountRate":14,"promo":"","orgPrice":7}},"categoryIds":["c-meat-seafood--deli","c-dairy-eggs--meals"],"similarProductIds":[]},{"id":"primo-hungarian-hot-salami","name":"Hungarian Hot Salami","brand":"Primo","imageUrls":["https://shop.coles.com.au/wcsstore/ColesResponsiveStorefrontAssetStore/dist/ccfc54aed6e361b650bcf0582f7b576b/img/img_product-placeholder.png"],"storeId":"coles","packageSize":"120g","cupPrice":"$30.00 per 1Kg","locations":{"VIC":{"price":3.6,"discountRate":10,"promo":"Any 2 $6.50","orgPrice":3.6}},"categoryIds":["c-meat-seafood--deli"],"similarProductIds":[]},{"id":"primo-sopressa-mild-salami","name":"Sopressa Mild Salami","brand":"Primo","imageUrls":["https://shop.coles.com.au/wcsstore/ColesResponsiveStorefrontAssetStore/dist/ccfc54aed6e361b650bcf0582f7b576b/img/img_product-placeholder.png"],"storeId":"coles","packageSize":"130g","cupPrice":"$30.77 per 1Kg","locations":{"VIC":{"price":4,"discountRate":19,"promo":"Any 2 $6.50","orgPrice":4}},"categoryIds":["c-meat-seafood--deli"],"similarProductIds":[]},{"id":"primo-chilli-coated-salami","name":"Chilli Coated Salami","brand":"Primo","imageUrls":["https://shop.coles.com.au/wcsstore/ColesResponsiveStorefrontAssetStore/dist/ccfc54aed6e361b650bcf0582f7b576b/img/img_product-placeholder.png"],"storeId":"coles","packageSize":"120g","cupPrice":"$30.00 per 1Kg","locations":{"VIC":{"price":3.6,"discountRate":10,"promo":"Any 2 $6.50","orgPrice":3.6}},"categoryIds":["c-meat-seafood--deli"],"similarProductIds":[]},{"id":"tassal-salmon-smoked-for-cooking-tasmanian","name":"Tasmanian Smoked Salmon Pieces","brand":"Tassal","imageUrls":["https://shop.coles.com.au/wcsstore/Coles-CAS/images/7/6/0/7601621.jpg"],"storeId":"coles","packageSize":"200g","cupPrice":"$32.50 per 1Kg","locations":{"VIC":{"price":6.5,"discountRate":0,"promo":"","orgPrice":6.5}},"categoryIds":["c-meat-seafood--deli"],"similarProductIds":[]},{"id":"dodoni-cheese-greek-fetta-1kg","name":"Greek Fetta Cheese","brand":"Dodoni","imageUrls":["https://shop.coles.com.au/wcsstore/Coles-CAS/images/5/5/4/5545687.jpg"],"storeId":"coles","packageSize":"approx. 100g","cupPrice":"$21.50 per 1Kg","locations":{"VIC":{"price":2.15,"discountRate":26,"promo":"","orgPrice":2.9}},"categoryIds":["c-meat-seafood--deli"],"similarProductIds":[]},{"id":"don-sliced-rspca-chicken-breast","name":"RSPCA Approved Sliced Chicken Breast","brand":"Don","imageUrls":["https://shop.coles.com.au/wcsstore/Coles-CAS/images/3/5/8/3583200.jpg"],"storeId":"coles","packageSize":"180g","cupPrice":"$1.78 per 100G","locations":{"VIC":{"price":3.2,"discountRate":50,"promo":"","orgPrice":6.4}},"categoryIds":["c-meat-seafood--deli","c-dairy-eggs--meals"],"similarProductIds":[]},{"id":"primo-diced-bacon-twin-pack","name":"Gluten Free Real Diced Bacon","brand":"Primo","imageUrls":["https://shop.coles.com.au/wcsstore/Coles-CAS/images/2/7/3/2739199.jpg"],"storeId":"coles","packageSize":"200g","cupPrice":"$2.00 per 100G","locations":{"VIC":{"price":4,"discountRate":11,"promo":"","orgPrice":4.5}},"categoryIds":["c-meat-seafood--deli","c-dairy-eggs--meals"],"similarProductIds":[]},{"id":"primo-pansize-bacon","name":"Gluten Free Pan-sized Bacon","brand":"Primo","imageUrls":["https://shop.coles.com.au/wcsstore/Coles-CAS/images/2/8/0/2807448.jpg"],"storeId":"coles","packageSize":"750g","cupPrice":"$14.67 per 1Kg","locations":{"VIC":{"price":11,"discountRate":27,"promo":"","orgPrice":15}},"categoryIds":["c-meat-seafood--deli","c-dairy-eggs--meals"],"similarProductIds":[]},{"id":"primo-chorizo-hot-salami","name":"Chorizo Hot Salami","brand":"Primo","imageUrls":["https://shop.coles.com.au/wcsstore/ColesResponsiveStorefrontAssetStore/dist/ccfc54aed6e361b650bcf0582f7b576b/img/img_product-placeholder.png"],"storeId":"coles","packageSize":"120g","cupPrice":"$30.00 per 1Kg","locations":{"VIC":{"price":3.6,"discountRate":10,"promo":"Any 2 $6.50","orgPrice":3.6}},"categoryIds":["c-meat-seafood--deli"],"similarProductIds":[]},{"id":"coles-rspca-approved-chicken-burger-plain-crumb","name":"RSPCA Approved Chicken Burgers Plain Crumb","brand":"Coles","imageUrls":["https://shop.coles.com.au/wcsstore/Coles-CAS/images/2/9/0/2903940.jpg"],"storeId":"coles","packageSize":"400g","cupPrice":"$13.75 per 1Kg","locations":{"VIC":{"price":5.5,"discountRate":9,"promo":"2 for $10","orgPrice":5.5}},"categoryIds":["c-meat-seafood--deli"],"similarProductIds":[]},{"id":"macro-meats-kangaroo-mince","name":"Kangaroo Mince","brand":"K-Roo","imageUrls":["https://shop.coles.com.au/wcsstore/Coles-CAS/images/9/0/0/9007723.jpg"],"storeId":"coles","packageSize":"1kg","cupPrice":"$10.50 per 1Kg","locations":{"VIC":{"price":10.5,"discountRate":9,"promo":"","orgPrice":11.5}},"categoryIds":["c-meat-seafood--deli"],"similarProductIds":[]},{"id":"ocean-blue-smoked-ocean-trout","name":"Smoked Ocean Trout","brand":"Ocean Blue","imageUrls":["https://shop.coles.com.au/wcsstore/Coles-CAS/images/2/7/4/2740766.jpg"],"storeId":"coles","packageSize":"100g","cupPrice":"$59.00 per 1Kg","locations":{"VIC":{"price":5.9,"discountRate":9,"promo":"","orgPrice":6.5}},"categoryIds":["c-meat-seafood--deli"],"similarProductIds":[]},{"id":"primo-sliced-honey-ham","name":"Sliced Honey Ham","brand":"Primo","imageUrls":["https://shop.coles.com.au/wcsstore/ColesResponsiveStorefrontAssetStore/dist/ccfc54aed6e361b650bcf0582f7b576b/img/img_product-placeholder.png"],"storeId":"coles","packageSize":"180g","cupPrice":"$21.11 per 1Kg","locations":{"VIC":{"price":3.8,"discountRate":21,"promo":"Any 2 $6","orgPrice":3.8}},"categoryIds":["c-meat-seafood--deli"],"similarProductIds":[]},{"id":"primo-sopressa-hot-salami","name":"Sopressa Hot Salami","brand":"Primo","imageUrls":["https://shop.coles.com.au/wcsstore/ColesResponsiveStorefrontAssetStore/dist/ccfc54aed6e361b650bcf0582f7b576b/img/img_product-placeholder.png"],"storeId":"coles","packageSize":"130g","cupPrice":"$30.77 per 1Kg","locations":{"VIC":{"price":4,"discountRate":19,"promo":"Any 2 $6.50","orgPrice":4}},"categoryIds":["c-meat-seafood--deli"],"similarProductIds":[]},{"id":"primo-danish-salami-3563430p","name":"Danish Salami","brand":"Primo","imageUrls":["https://shop.coles.com.au/wcsstore/ColesResponsiveStorefrontAssetStore/dist/ccfc54aed6e361b650bcf0582f7b576b/img/img_product-placeholder.png"],"storeId":"coles","packageSize":"120g","cupPrice":"$3.00 per 100G","locations":{"VIC":{"price":3.6,"discountRate":10,"promo":"Any 2 $6.50","orgPrice":3.6}},"categoryIds":["c-meat-seafood--deli"],"similarProductIds":[]},{"id":"coles-deli-hans-oliving-hot-twiggys","name":"Oliving Hot Twiggy Sticks","brand":"Hans","imageUrls":["https://shop.coles.com.au/wcsstore/Coles-CAS/images/2/0/7/2072997.jpg"],"storeId":"coles","packageSize":"approx. 125g","cupPrice":"$20.00 per 1Kg","locations":{"VIC":{"price":2.5,"discountRate":33,"promo":"","orgPrice":3.75}},"categoryIds":["c-meat-seafood--deli"],"similarProductIds":[]},{"id":"primo-shaved-honey-ham","name":"Shaved Honey Ham","brand":"Primo","imageUrls":["https://shop.coles.com.au/wcsstore/ColesResponsiveStorefrontAssetStore/dist/ccfc54aed6e361b650bcf0582f7b576b/img/img_product-placeholder.png"],"storeId":"coles","packageSize":"180g","cupPrice":"$21.11 per 1Kg","locations":{"VIC":{"price":3.8,"discountRate":21,"promo":"Any 2 $6","orgPrice":3.8}},"categoryIds":["c-meat-seafood--deli"],"similarProductIds":[]},{"id":"primo-red-wine-garlic-salami","name":"Red Wine & Garlic Salami","brand":"Primo","imageUrls":["https://shop.coles.com.au/wcsstore/ColesResponsiveStorefrontAssetStore/dist/ccfc54aed6e361b650bcf0582f7b576b/img/img_product-placeholder.png"],"storeId":"coles","packageSize":"130g","cupPrice":"$3.08 per 100G","locations":{"VIC":{"price":4,"discountRate":19,"promo":"Any 2 $6.50","orgPrice":4}},"categoryIds":["c-meat-seafood--deli"],"similarProductIds":[]},{"id":"primo-italian-style-salami","name":"Italian Style Salami","brand":"Primo","imageUrls":["https://shop.coles.com.au/wcsstore/ColesResponsiveStorefrontAssetStore/dist/ccfc54aed6e361b650bcf0582f7b576b/img/img_product-placeholder.png"],"storeId":"coles","packageSize":"120g","cupPrice":"$30.00 per 1Kg","locations":{"VIC":{"price":3.6,"discountRate":10,"promo":"Any 2 $6.50","orgPrice":3.6}},"categoryIds":["c-meat-seafood--deli"],"similarProductIds":[]},{"id":"dodoni-cheese-greek-feta","name":"Greek Feta Cheese","brand":"Dodoni","imageUrls":["https://shop.coles.com.au/wcsstore/Coles-CAS/images/5/5/3/5532299.jpg"],"storeId":"coles","packageSize":"approx. 100g","cupPrice":"$21.50 per 1Kg","locations":{"VIC":{"price":2.15,"discountRate":26,"promo":"","orgPrice":2.9}},"categoryIds":["c-meat-seafood--deli"],"similarProductIds":[]},{"id":"coles-deli-hans-oliving-mild-twiggy-sticks","name":"Mild Twiggy Sticks","brand":"Hans","imageUrls":["https://shop.coles.com.au/wcsstore/Coles-CAS/images/2/0/7/2076615.jpg"],"storeId":"coles","packageSize":"approx. 125g","cupPrice":"$20.00 per 1Kg","locations":{"VIC":{"price":2.5,"discountRate":33,"promo":"","orgPrice":3.75}},"categoryIds":["c-meat-seafood--deli"],"similarProductIds":[]},{"id":"chobani-flip--strawberry-cheesecake-yoghurt","name":"Flip Strawberry Shortcake Yoghurt","brand":"Chobani","imageUrls":["https://shop.coles.com.au/wcsstore/Coles-CAS/images/2/9/7/2974982.jpg"],"storeId":"coles","packageSize":"140g","cupPrice":"$1.07 per 100G","locations":{"VIC":{"price":1.5,"discountRate":50,"promo":"","orgPrice":3}},"categoryIds":["c-dairy-eggs--meals"],"similarProductIds":[]},{"id":"vitasoy-milk-soy-calci-plus-carton","name":"Calcium Plus Soy Milk","brand":"Vitasoy","imageUrls":["https://shop.coles.com.au/wcsstore/Coles-CAS/images/9/0/6/9067496.jpg"],"storeId":"coles","packageSize":"1L","cupPrice":"$2.50 per 1L","locations":{"VIC":{"price":2.5,"discountRate":22,"promo":"","orgPrice":3.2}},"categoryIds":["c-dairy-eggs--meals"],"similarProductIds":[]},{"id":"chobani--flip-almond-coco-loco-yoghurt","name":"Flip Almond Coco Loco Yoghurt","brand":"Chobani","imageUrls":["https://shop.coles.com.au/wcsstore/Coles-CAS/images/2/9/7/2974891.jpg"],"storeId":"coles","packageSize":"140g","cupPrice":"$1.07 per 100G","locations":{"VIC":{"price":1.5,"discountRate":50,"promo":"","orgPrice":3}},"categoryIds":["c-dairy-eggs--meals"],"similarProductIds":[]},{"id":"chobani--flip-salted-caramel-crunch-yoghurt","name":"Flip Salted Caramel Crunch Yoghurt","brand":"Chobani","imageUrls":["https://shop.coles.com.au/wcsstore/Coles-CAS/images/2/9/7/2974950.jpg"],"storeId":"coles","packageSize":"140g","cupPrice":"$1.07 per 100G","locations":{"VIC":{"price":1.5,"discountRate":50,"promo":"","orgPrice":3}},"categoryIds":["c-dairy-eggs--meals"],"similarProductIds":[]},{"id":"sanitarium-so-good-unsweetened-almond-milk","name":"So Good Unsweetened Almond Milk","brand":"Sanitarium","imageUrls":["https://shop.coles.com.au/wcsstore/Coles-CAS/images/2/9/1/2917990.jpg"],"storeId":"coles","packageSize":"1L","cupPrice":"$3.00 per 1L","locations":{"VIC":{"price":3,"discountRate":22,"promo":"","orgPrice":3.85}},"categoryIds":["c-dairy-eggs--meals"],"similarProductIds":[]},{"id":"sanitarium-so-good-almond-milk-chilled","name":"So Good Chilled Original Almond Milk","brand":"Sanitarium","imageUrls":["https://shop.coles.com.au/wcsstore/Coles-CAS/images/1/9/0/1908519.jpg"],"storeId":"coles","packageSize":"1L","cupPrice":"$3.00 per 1L","locations":{"VIC":{"price":3,"discountRate":22,"promo":"","orgPrice":3.85}},"categoryIds":["c-dairy-eggs--meals"],"similarProductIds":[]},{"id":"sanitarium-so-good-milk-soy-regular","name":"So Good Chilled Regular Soy Milk","brand":"Sanitarium","imageUrls":["https://shop.coles.com.au/wcsstore/Coles-CAS/images/6/9/2/6923327.jpg"],"storeId":"coles","packageSize":"1L","cupPrice":"$1.95 per 1L","locations":{"VIC":{"price":1.95,"discountRate":20,"promo":"","orgPrice":2.45}},"categoryIds":["c-dairy-eggs--meals"],"similarProductIds":[]},{"id":"coon-cheese-slices-tasty-24-pack","name":"Tasty Cheese Slices 24 pack","brand":"Coon","imageUrls":["https://shop.coles.com.au/wcsstore/Coles-CAS/images/8/5/7/8578.jpg"],"storeId":"coles","packageSize":"500g","cupPrice":"$13.60 per 1Kg","locations":{"VIC":{"price":6.8,"discountRate":21,"promo":"","orgPrice":8.6}},"categoryIds":["c-dairy-eggs--meals"],"similarProductIds":[]},{"id":"tamar-valley-greek-yoghurt","name":"Greek Yoghurt","brand":"Tamar Valley","imageUrls":["https://shop.coles.com.au/wcsstore/Coles-CAS/images/2/1/3/2130299.jpg"],"storeId":"coles","packageSize":"1kg","cupPrice":"$0.50 per 100G","locations":{"VIC":{"price":4.95,"discountRate":20,"promo":"","orgPrice":6.2}},"categoryIds":["c-dairy-eggs--meals"],"similarProductIds":[]},{"id":"western-star-butter-blend-spreadable-traditional-tub-7716500p","name":"Traditional Spreadable Butter Blend","brand":"Western Star","imageUrls":["https://shop.coles.com.au/wcsstore/Coles-CAS/images/7/7/1/7716500.jpg"],"storeId":"coles","packageSize":"500g","cupPrice":"$0.96 per 100G","locations":{"VIC":{"price":4.8,"discountRate":20,"promo":"","orgPrice":6}},"categoryIds":["c-dairy-eggs--meals"],"similarProductIds":[]},{"id":"farmers-union-yoghurt-greek-style-natural-5588963p","name":"Greek Style Natural Yoghurt","brand":"Farmers Union","imageUrls":["https://shop.coles.com.au/wcsstore/Coles-CAS/images/5/5/8/5588963.jpg"],"storeId":"coles","packageSize":"500g","cupPrice":"$0.70 per 100G","locations":{"VIC":{"price":3.5,"discountRate":19,"promo":"","orgPrice":4.3}},"categoryIds":["c-dairy-eggs--meals"],"similarProductIds":[]},{"id":"western-star-butter-blend-spreadable-supersoft-tub","name":"Supersoft Spreadable Butter Blend","brand":"Western Star","imageUrls":["https://shop.coles.com.au/wcsstore/Coles-CAS/images/9/6/1/9615296.jpg"],"storeId":"coles","packageSize":"500g","cupPrice":"$0.96 per 100G","locations":{"VIC":{"price":4.8,"discountRate":20,"promo":"","orgPrice":6}},"categoryIds":["c-dairy-eggs--meals"],"similarProductIds":[]},{"id":"coon-cheese-slices-tasty-light-24-pack","name":"Light Tasty Cheese Slices 24 pack","brand":"Coon","imageUrls":["https://shop.coles.com.au/wcsstore/Coles-CAS/images/5/2/9/5292118.jpg"],"storeId":"coles","packageSize":"500g","cupPrice":"$13.60 per 1Kg","locations":{"VIC":{"price":6.8,"discountRate":21,"promo":"","orgPrice":8.6}},"categoryIds":["c-dairy-eggs--meals"],"similarProductIds":[]},{"id":"perfect-italiano-parmesan-cheese-block","name":"Parmesan Cheese Block","brand":"Perfect Italiano","imageUrls":["https://shop.coles.com.au/wcsstore/Coles-CAS/images/3/2/7/3274068.jpg"],"storeId":"coles","packageSize":"200g","cupPrice":"$25.00 per 1Kg","locations":{"VIC":{"price":5,"discountRate":17,"promo":"","orgPrice":6}},"categoryIds":["c-dairy-eggs--meals"],"similarProductIds":[]},{"id":"five%3Aam-yoghurt-vanilla-bean","name":"Organic Vanilla Bean Yoghurt","brand":"Five:AM","imageUrls":["https://shop.coles.com.au/wcsstore/Coles-CAS/images/1/4/3/1436125.jpg"],"storeId":"coles","packageSize":"700g","cupPrice":"$0.71 per 100G","locations":{"VIC":{"price":5,"discountRate":17,"promo":"","orgPrice":6}},"categoryIds":["c-dairy-eggs--meals","c-healthy-living"],"similarProductIds":[]},{"id":"jalna-yoghurt-biodynamic-organic-whole-milk","name":"Pot Set Organic Bio Dynamic Whole Milk Yoghurt","brand":"Jalna","imageUrls":["https://shop.coles.com.au/wcsstore/Coles-CAS/images/9/0/5/9056707.jpg"],"storeId":"coles","packageSize":"1kg","cupPrice":"$6.90 per 1Kg","locations":{"VIC":{"price":6.9,"discountRate":13,"promo":"","orgPrice":7.95}},"categoryIds":["c-dairy-eggs--meals","c-healthy-living"],"similarProductIds":[]},{"id":"five%3Aam-yoghurt-no-added-sugar-natural","name":"Organic Natural Yoghurt","brand":"Five:AM","imageUrls":["https://shop.coles.com.au/wcsstore/Coles-CAS/images/1/4/3/1436114.jpg"],"storeId":"coles","packageSize":"700g","cupPrice":"$0.71 per 100G","locations":{"VIC":{"price":5,"discountRate":17,"promo":"","orgPrice":6}},"categoryIds":["c-dairy-eggs--meals","c-healthy-living"],"similarProductIds":[]},{"id":"perfect-italiano-cheese-block-parmesan-extra-sharp","name":"Extra Sharp Parmesan Cheese","brand":"Perfect Italiano","imageUrls":["https://shop.coles.com.au/wcsstore/Coles-CAS/images/4/3/9/4394123.jpg"],"storeId":"coles","packageSize":"200g","cupPrice":"$25.00 per 1Kg","locations":{"VIC":{"price":5,"discountRate":26,"promo":"","orgPrice":6.75}},"categoryIds":["c-dairy-eggs--meals"],"similarProductIds":[]},{"id":"dairy-farmers-a2-godness-full-cream-milk","name":"A2 Goodness Full Cream Milk","brand":"Dairy Farmers","imageUrls":["https://shop.coles.com.au/wcsstore/Coles-CAS/images/3/7/6/3762367.jpg"],"storeId":"coles","packageSize":"2L","cupPrice":"$2.00 per 1L","locations":{"VIC":{"price":4,"discountRate":11,"promo":"","orgPrice":4.5}},"categoryIds":["c-dairy-eggs--meals"],"similarProductIds":[]},{"id":"gippsland-dairy-yoghurt-twist-passionfruit","name":"Passionfruit Twist Yoghurt","brand":"Gippsland Dairy","imageUrls":["https://shop.coles.com.au/wcsstore/Coles-CAS/images/9/9/0/9907994.jpg"],"storeId":"coles","packageSize":"160g","cupPrice":"$1.56 per 100G","locations":{"VIC":{"price":2.5,"discountRate":20,"promo":"Any 2 $4","orgPrice":2.5}},"categoryIds":["c-dairy-eggs--meals"],"similarProductIds":[]},{"id":"nestle-dessert-mousse-chocolate-2-pack","name":"Chocolate Mousse 2 pack","brand":"Nestle","imageUrls":["https://shop.coles.com.au/wcsstore/Coles-CAS/images/8/4/7/8477109.jpg"],"storeId":"coles","packageSize":"124g","cupPrice":"$2.02 per 100G","locations":{"VIC":{"price":2.5,"discountRate":9,"promo":"","orgPrice":2.75}},"categoryIds":["c-dairy-eggs--meals"],"similarProductIds":[]},{"id":"jalna-yoghurt-greek-style-natural-5763167p","name":"Pot Set Greek Style Natural Yoghurt","brand":"Jalna","imageUrls":["https://shop.coles.com.au/wcsstore/Coles-CAS/images/5/7/6/5763167.jpg"],"storeId":"coles","packageSize":"2kg","cupPrice":"$0.55 per 100G","locations":{"VIC":{"price":10.9,"discountRate":9,"promo":"","orgPrice":11.950000000000001}},"categoryIds":["c-dairy-eggs--meals"],"similarProductIds":[]},{"id":"la-famiglia--garlic-bread-for-2","name":"Garlic Bread","brand":"La Famiglia","imageUrls":["https://shop.coles.com.au/wcsstore/Coles-CAS/images/2/6/8/2681882.jpg"],"storeId":"coles","packageSize":"170g","cupPrice":"$1.41 per 100G","locations":{"VIC":{"price":2.4,"discountRate":20,"promo":"","orgPrice":3}},"categoryIds":["c-dairy-eggs--meals","c-convenience-meals"],"similarProductIds":[]},{"id":"pura-cream-thick-dollop-tub","name":"Thick Dollop Cream Tub","brand":"Pura","imageUrls":["https://shop.coles.com.au/wcsstore/Coles-CAS/images/5/4/3/5435340.jpg"],"storeId":"coles","packageSize":"300mL","cupPrice":"$1.00 per 100mL","locations":{"VIC":{"price":3,"discountRate":17,"promo":"","orgPrice":3.6}},"categoryIds":["c-dairy-eggs--meals"],"similarProductIds":[]},{"id":"black-swan-dip-caviar","name":"Caviar Dip","brand":"Black Swan","imageUrls":["https://shop.coles.com.au/wcsstore/Coles-CAS/images/9/5/8/9580715.jpg"],"storeId":"coles","packageSize":"200g","cupPrice":"$1.75 per 100G","locations":{"VIC":{"price":3.5,"discountRate":14,"promo":"Any 2 $6","orgPrice":3.5}},"categoryIds":["c-dairy-eggs--meals"],"similarProductIds":[]},{"id":"dairy-farmers-a2-godness-light-milk","name":"A2 Goodness Light Milk","brand":"Dairy Farmers","imageUrls":["https://shop.coles.com.au/wcsstore/Coles-CAS/images/3/7/6/3762403.jpg"],"storeId":"coles","packageSize":"2L","cupPrice":"$2.00 per 1L","locations":{"VIC":{"price":4,"discountRate":11,"promo":"","orgPrice":4.5}},"categoryIds":["c-dairy-eggs--meals"],"similarProductIds":[]},{"id":"lemnos-cheese-feta-full-cream","name":"Full Cream Fetta Cheese","brand":"Lemnos","imageUrls":["https://shop.coles.com.au/wcsstore/Coles-CAS/images/8/8/5/8857482.jpg"],"storeId":"coles","packageSize":"180g","cupPrice":"$2.22 per 100G","locations":{"VIC":{"price":4,"discountRate":20,"promo":"","orgPrice":5}},"categoryIds":["c-dairy-eggs--meals"],"similarProductIds":[]},{"id":"perfect-italiano-mozzaralla-shredded","name":"Shredded Mozzarella","brand":"Perfect Italiano","imageUrls":["https://shop.coles.com.au/wcsstore/Coles-CAS/images/3/5/6/3562164.jpg"],"storeId":"coles","packageSize":"250g","cupPrice":"$14.00 per 1Kg","locations":{"VIC":{"price":3.5,"discountRate":18,"promo":"","orgPrice":4.25}},"categoryIds":["c-dairy-eggs--meals"],"similarProductIds":[]},{"id":"ready-chef-beef-lasagne","name":"Beef Lasagne","brand":"Ready Chef","imageUrls":["https://shop.coles.com.au/wcsstore/Coles-CAS/images/9/1/9/9196207.jpg"],"storeId":"coles","packageSize":"2kg","cupPrice":"$0.60 per 100G","locations":{"VIC":{"price":12,"discountRate":20,"promo":"","orgPrice":15}},"categoryIds":["c-dairy-eggs--meals","c-convenience-meals"],"similarProductIds":[]},{"id":"yumis-dip-kalamata-olive","name":"Gluten Free Kalamata Olive Classic Dip","brand":"Yumi's","imageUrls":["https://shop.coles.com.au/wcsstore/Coles-CAS/images/7/1/1/7117447.jpg"],"storeId":"coles","packageSize":"200g","cupPrice":"$2.00 per 100G","locations":{"VIC":{"price":4,"discountRate":25,"promo":"Any 2 $6","orgPrice":4}},"categoryIds":["c-dairy-eggs--meals"],"similarProductIds":[]},{"id":"devondale-regular-butter","name":"Salted Butter","brand":"Devondale","imageUrls":["https://shop.coles.com.au/wcsstore/Coles-CAS/images/1/7/7/1778617.jpg"],"storeId":"coles","packageSize":"250g","cupPrice":"$1.36 per 100G","locations":{"VIC":{"price":3.4,"discountRate":21,"promo":"","orgPrice":4.3}},"categoryIds":["c-dairy-eggs--meals"],"similarProductIds":[]},{"id":"gippsland-dairy-yoghurt-twist-blueberry-9907917p","name":"Blueberry Twist Yoghurt","brand":"Gippsland Dairy","imageUrls":["https://shop.coles.com.au/wcsstore/Coles-CAS/images/9/9/0/9907917.jpg"],"storeId":"coles","packageSize":"160g","cupPrice":"$1.56 per 100G","locations":{"VIC":{"price":2.5,"discountRate":20,"promo":"Any 2 $4","orgPrice":2.5}},"categoryIds":["c-dairy-eggs--meals"],"similarProductIds":[]},{"id":"perfect-italiano-grated-cheese-perfect-pizza","name":"Grated Cheese Perfect Pizza","brand":"Perfect Italiano","imageUrls":["https://shop.coles.com.au/wcsstore/Coles-CAS/images/3/2/7/3273994.jpg"],"storeId":"coles","packageSize":"250g","cupPrice":"$14.00 per 1Kg","locations":{"VIC":{"price":3.5,"discountRate":18,"promo":"","orgPrice":4.25}},"categoryIds":["c-dairy-eggs--meals"],"similarProductIds":[]},{"id":"yumis-dip-classic-mediterranean-eggplant","name":"Gluten Free Classic Baked Mediterranean Eggplant Dip","brand":"Yumi's","imageUrls":["https://shop.coles.com.au/wcsstore/Coles-CAS/images/8/6/7/8670878.jpg"],"storeId":"coles","packageSize":"200g","cupPrice":"$2.00 per 100G","locations":{"VIC":{"price":4,"discountRate":25,"promo":"Any 2 $6","orgPrice":4}},"categoryIds":["c-dairy-eggs--meals"],"similarProductIds":[]},{"id":"black-swan-olive-grove-mix","name":"Olive Dip","brand":"Black Swan","imageUrls":["https://shop.coles.com.au/wcsstore/Coles-CAS/images/7/6/0/7605291.jpg"],"storeId":"coles","packageSize":"200g","cupPrice":"$1.75 per 100G","locations":{"VIC":{"price":3.5,"discountRate":14,"promo":"Any 2 $6","orgPrice":3.5}},"categoryIds":["c-dairy-eggs--meals"],"similarProductIds":[]},{"id":"cracker-barrel-cheese-slices-vintage-extra-sharp-12-pack","name":"Vintage Cheddar Cheese Slices 12 pack","brand":"Cracker Barrel","imageUrls":["https://shop.coles.com.au/wcsstore/Coles-CAS/images/4/3/8/4389178.jpg"],"storeId":"coles","packageSize":"250g","cupPrice":"$20.60 per 1Kg","locations":{"VIC":{"price":5.15,"discountRate":21,"promo":"","orgPrice":6.5}},"categoryIds":["c-dairy-eggs--meals"],"similarProductIds":[]},{"id":"divine-classic-dessert-creme-caramel-2-pack","name":"Crème Caramel Dessert 2 pack","brand":"Divine Classic","imageUrls":["https://shop.coles.com.au/wcsstore/Coles-CAS/images/2/4/2/242917.jpg"],"storeId":"coles","packageSize":"150g","cupPrice":"$1.05 per 100G","locations":{"VIC":{"price":3.15,"discountRate":13,"promo":"Any 2 $5.50","orgPrice":3.15}},"categoryIds":["c-dairy-eggs--meals"],"similarProductIds":[]},{"id":"gippsland-dairy-yoghurt-twist-watermelon-strawberry","name":"Watermelon & Strawberry Twist Yoghurt","brand":"Gippsland Dairy","imageUrls":["https://shop.coles.com.au/wcsstore/Coles-CAS/images/1/4/3/1436431.jpg"],"storeId":"coles","packageSize":"160g","cupPrice":"$1.56 per 100G","locations":{"VIC":{"price":2.5,"discountRate":20,"promo":"Any 2 $4","orgPrice":2.5}},"categoryIds":["c-dairy-eggs--meals"],"similarProductIds":[]},{"id":"latina-fresh-pasta-sauce-italian-tomato-garlic-5233232p","name":"Fresh Italian Tomato & Garlic Pasta Sauce","brand":"Latina","imageUrls":["https://shop.coles.com.au/wcsstore/Coles-CAS/images/5/2/3/5233232.jpg"],"storeId":"coles","packageSize":"425g","cupPrice":"$0.94 per 100G","locations":{"VIC":{"price":4,"discountRate":33,"promo":"","orgPrice":6}},"categoryIds":["c-dairy-eggs--meals","c-convenience-meals"],"similarProductIds":[]},{"id":"yumis-dip-spinach-creamed-classic","name":"Gluten Free Spinach Classic Dip","brand":"Yumi's","imageUrls":["https://shop.coles.com.au/wcsstore/Coles-CAS/images/8/6/7/8670925.jpg"],"storeId":"coles","packageSize":"200g","cupPrice":"$2.00 per 100G","locations":{"VIC":{"price":4,"discountRate":25,"promo":"Any 2 $6","orgPrice":4}},"categoryIds":["c-dairy-eggs--meals"],"similarProductIds":[]},{"id":"activia-yoghurt-berries-low-fat-4-pack","name":"Probiotic Berries Yoghurt 4 pack","brand":"Activia","imageUrls":["https://shop.coles.com.au/wcsstore/Coles-CAS/images/8/1/6/8169435.jpg"],"storeId":"coles","packageSize":"125g","cupPrice":"$2.40 per 100G","locations":{"VIC":{"price":3,"discountRate":33,"promo":"","orgPrice":4.5}},"categoryIds":["c-dairy-eggs--meals"],"similarProductIds":[]},{"id":"bega-cheese-slices-tasty-natural-12-pack","name":"Tasty Natural Cheese Slices 15 pack","brand":"Bega","imageUrls":["https://shop.coles.com.au/wcsstore/Coles-CAS/images/6/7/0/6704323.jpg"],"storeId":"coles","packageSize":"250g","cupPrice":"$18.00 per 1Kg","locations":{"VIC":{"price":4.5,"discountRate":25,"promo":"","orgPrice":6}},"categoryIds":["c-dairy-eggs--meals"],"similarProductIds":[]},{"id":"black-swan-farmers-best-dip-spinach-feta","name":"Crafted Baby Spinach & Fetta Dip","brand":"Black Swan","imageUrls":["https://shop.coles.com.au/wcsstore/Coles-CAS/images/6/5/2/6529198.jpg"],"storeId":"coles","packageSize":"200g","cupPrice":"$2.15 per 100G","locations":{"VIC":{"price":4.3,"discountRate":19,"promo":"Any 2 $7","orgPrice":4.3}},"categoryIds":["c-dairy-eggs--meals"],"similarProductIds":[]},{"id":"tamar-valley-no-fat-natural-yoghurt","name":"Natural 99.85% Fat Free Yoghurt","brand":"Tamar Valley","imageUrls":["https://shop.coles.com.au/wcsstore/Coles-CAS/images/2/1/3/2130313.jpg"],"storeId":"coles","packageSize":"1kg","cupPrice":"$0.50 per 100G","locations":{"VIC":{"price":4.95,"discountRate":20,"promo":"","orgPrice":6.2}},"categoryIds":["c-dairy-eggs--meals"],"similarProductIds":[]},{"id":"vaalia-yoghurt-low-fat-french-vanilla-7181195p","name":"French Vanilla Low Fat Yoghurt","brand":"Vaalia","imageUrls":["https://shop.coles.com.au/wcsstore/Coles-CAS/images/7/1/8/7181195.jpg"],"storeId":"coles","packageSize":"900g","cupPrice":"$0.44 per 100G","locations":{"VIC":{"price":4,"discountRate":0,"promo":"","orgPrice":4}},"categoryIds":["c-dairy-eggs--meals"],"similarProductIds":[]},{"id":"yoplait-dessert-le-rice-vanilla-classic-2-pack","name":"Le Rice Classic Vanilla Dessert 2x150g","brand":"Yoplait","imageUrls":["https://shop.coles.com.au/wcsstore/Coles-CAS/images/5/7/4/5748855.jpg"],"storeId":"coles","packageSize":"2 pack","cupPrice":"$1.58 per 1Ea","locations":{"VIC":{"price":3.15,"discountRate":13,"promo":"Any 2 $5.50","orgPrice":3.15}},"categoryIds":["c-dairy-eggs--meals"],"similarProductIds":[]},{"id":"devondale-unsalted-pat-butter","name":"Unsalted Pat Butter","brand":"Devondale","imageUrls":["https://shop.coles.com.au/wcsstore/Coles-CAS/images/1/9/8/1985917.jpg"],"storeId":"coles","packageSize":"250g","cupPrice":"$1.36 per 100G","locations":{"VIC":{"price":3.4,"discountRate":21,"promo":"","orgPrice":4.3}},"categoryIds":["c-dairy-eggs--meals"],"similarProductIds":[]},{"id":"gippsland-twist-yoghurt-strawberry-cream","name":"Twist Yoghurt Limited Edition","brand":"Gippsland Dairy","imageUrls":["https://shop.coles.com.au/wcsstore/Coles-CAS/images/3/4/7/3477815.jpg"],"storeId":"coles","packageSize":"160g","cupPrice":"$1.56 per 100G","locations":{"VIC":{"price":2.5,"discountRate":20,"promo":"Any 2 $4","orgPrice":2.5}},"categoryIds":["c-dairy-eggs--meals"],"similarProductIds":[]},{"id":"latina-fresh-agnolotti-ricotta-spinach","name":"Fresh Ricotta & Spinach Agnolotti","brand":"Latina","imageUrls":["https://shop.coles.com.au/wcsstore/Coles-CAS/images/5/4/6/5469181.jpg"],"storeId":"coles","packageSize":"625g","cupPrice":"$0.96 per 100G","locations":{"VIC":{"price":6,"discountRate":0,"promo":"","orgPrice":6}},"categoryIds":["c-dairy-eggs--meals","c-convenience-meals"],"similarProductIds":[]},{"id":"latina-fresh-pasta-sauce-creamy-sundried-tomato","name":"Fresh Creamy Sundried Tomato Pasta Sauce","brand":"Latina","imageUrls":["https://shop.coles.com.au/wcsstore/Coles-CAS/images/6/0/2/6026890.jpg"],"storeId":"coles","packageSize":"425g","cupPrice":"$0.94 per 100G","locations":{"VIC":{"price":4,"discountRate":33,"promo":"","orgPrice":6}},"categoryIds":["c-dairy-eggs--meals","c-convenience-meals"],"similarProductIds":[]},{"id":"nutty-bruce-organic-activated-almond-milk","name":"Organic Activated Almond Milk","brand":"Nutty Bruce","imageUrls":["https://shop.coles.com.au/wcsstore/Coles-CAS/images/3/1/8/3187462.jpg"],"storeId":"coles","packageSize":"1L","cupPrice":"$4.00 per 1L","locations":{"VIC":{"price":4,"discountRate":27,"promo":"","orgPrice":5.5}},"categoryIds":["c-dairy-eggs--meals"],"similarProductIds":[]},{"id":"tamar-valley-strawberry-blueberry-greek-yoghurt","name":"Strawberry & Blueberry Greek Yoghurt","brand":"Tamar Valley","imageUrls":["https://shop.coles.com.au/wcsstore/Coles-CAS/images/2/3/6/2369136.jpg"],"storeId":"coles","packageSize":"700g","cupPrice":"$0.71 per 100G","locations":{"VIC":{"price":4.95,"discountRate":20,"promo":"","orgPrice":6.2}},"categoryIds":["c-dairy-eggs--meals"],"similarProductIds":[]},{"id":"udder-delights-double-cream-brie","name":"Adelaide Hills Double Cream Brie Cheese","brand":"Udder Delights","imageUrls":["https://shop.coles.com.au/wcsstore/Coles-CAS/images/3/0/5/3054560.jpg"],"storeId":"coles","packageSize":"200g","cupPrice":"$4.00 per 100G","locations":{"VIC":{"price":8,"discountRate":11,"promo":"","orgPrice":9}},"categoryIds":["c-dairy-eggs--meals"],"similarProductIds":[]},{"id":"western-star-salt-reduced-spreadable-butter-blend","name":"Reduced Salt Spreadable Butter Blend","brand":"Western Star","imageUrls":["https://shop.coles.com.au/wcsstore/Coles-CAS/images/7/7/1/7716113.jpg"],"storeId":"coles","packageSize":"500g","cupPrice":"$0.96 per 100G","locations":{"VIC":{"price":4.8,"discountRate":20,"promo":"","orgPrice":6}},"categoryIds":["c-dairy-eggs--meals"],"similarProductIds":[]},{"id":"yumis-dip-chipotle-hommus","name":"Gluten Free Classic Smokey Chipotle Hommus Dip","brand":"Yumi's","imageUrls":["https://shop.coles.com.au/wcsstore/Coles-CAS/images/3/0/3/3039400.jpg"],"storeId":"coles","packageSize":"200g","cupPrice":"$2.00 per 100G","locations":{"VIC":{"price":4,"discountRate":25,"promo":"Any 2 $6","orgPrice":4}},"categoryIds":["c-dairy-eggs--meals"],"similarProductIds":[]},{"id":"bega-cheese-block-tasty-296712p","name":"Tasty Cheese Block","brand":"Bega","imageUrls":["https://shop.coles.com.au/wcsstore/Coles-CAS/images/2/9/6/296712.jpg"],"storeId":"coles","packageSize":"250g","cupPrice":"$1.80 per 100G","locations":{"VIC":{"price":4.5,"discountRate":25,"promo":"","orgPrice":6}},"categoryIds":["c-dairy-eggs--meals"],"similarProductIds":[]},{"id":"chobani-fit-yogurt-raspberry","name":"Fit Raspberry Yoghurt","brand":"Chobani","imageUrls":["https://shop.coles.com.au/wcsstore/Coles-CAS/images/3/2/4/3246765.jpg"],"storeId":"coles","packageSize":"170g","cupPrice":"$0.88 per 100G","locations":{"VIC":{"price":1.5,"discountRate":33,"promo":"","orgPrice":2.25}},"categoryIds":["c-dairy-eggs--meals"],"similarProductIds":[]},{"id":"cocobella-coconut-yoghurt-natural","name":"Dairy Free Natural Coconut Yoghurt","brand":"Cocobella","imageUrls":["https://shop.coles.com.au/wcsstore/Coles-CAS/images/3/2/4/3246404.jpg"],"storeId":"coles","packageSize":"500g","cupPrice":"$1.00 per 100G","locations":{"VIC":{"price":5,"discountRate":17,"promo":"","orgPrice":6}},"categoryIds":["c-dairy-eggs--meals"],"similarProductIds":[]},{"id":"darikay-chicken-noodle-soup","name":"Chicken Noodle Soup","brand":"Darikay","imageUrls":["https://shop.coles.com.au/wcsstore/Coles-CAS/images/1/1/9/1196611.jpg"],"storeId":"coles","packageSize":"550g","cupPrice":"$1.18 per 100G","locations":{"VIC":{"price":6.5,"discountRate":23,"promo":"Any 2 $10","orgPrice":6.5}},"categoryIds":["c-dairy-eggs--meals","c-convenience-meals"],"similarProductIds":[]},{"id":"darikay-hearty-chicken-soup","name":"Hearty Chicken Soup","brand":"Darikay","imageUrls":["https://shop.coles.com.au/wcsstore/Coles-CAS/images/1/1/9/1196600.jpg"],"storeId":"coles","packageSize":"550g","cupPrice":"$1.18 per 100G","locations":{"VIC":{"price":6.5,"discountRate":23,"promo":"Any 2 $10","orgPrice":6.5}},"categoryIds":["c-dairy-eggs--meals","c-convenience-meals"],"similarProductIds":[]},{"id":"five-am-organic-yoghurt-strawberry","name":"Organic Strawberry Fields Yoghurt","brand":"Five:Am","imageUrls":["https://shop.coles.com.au/wcsstore/Coles-CAS/images/3/2/4/3244759.jpg"],"storeId":"coles","packageSize":"700g","cupPrice":"$0.71 per 100G","locations":{"VIC":{"price":5,"discountRate":17,"promo":"","orgPrice":6}},"categoryIds":["c-dairy-eggs--meals","c-healthy-living"],"similarProductIds":[]},{"id":"gippsland-dairy-yoghurt-twist-mango-blood-orange","name":"Mango & Blood Orange Twist Yoghurt","brand":"Gippsland Dairy","imageUrls":["https://shop.coles.com.au/wcsstore/Coles-CAS/images/9/9/0/9907940.jpg"],"storeId":"coles","packageSize":"160g","cupPrice":"$1.56 per 100G","locations":{"VIC":{"price":2.5,"discountRate":20,"promo":"Any 2 $4","orgPrice":2.5}},"categoryIds":["c-dairy-eggs--meals"],"similarProductIds":[]},{"id":"gippsland-twist-boysenberry-yoghurt","name":"Boysenberry Twist Yoghurt","brand":"Gippsland Dairy","imageUrls":["https://shop.coles.com.au/wcsstore/Coles-CAS/images/2/7/4/2745395.jpg"],"storeId":"coles","packageSize":"160g","cupPrice":"$1.56 per 100G","locations":{"VIC":{"price":2.5,"discountRate":20,"promo":"Any 2 $4","orgPrice":2.5}},"categoryIds":["c-dairy-eggs--meals"],"similarProductIds":[]},{"id":"jalna-sweet-creamy-greek-yoghourt","name":"Pot Set Sweet & Creamy Greek Yoghurt","brand":"Jalna","imageUrls":["https://shop.coles.com.au/wcsstore/Coles-CAS/images/2/3/7/2376288.jpg"],"storeId":"coles","packageSize":"2kg","cupPrice":"$5.45 per 1L","locations":{"VIC":{"price":10.9,"discountRate":9,"promo":"","orgPrice":11.950000000000001}},"categoryIds":["c-dairy-eggs--meals"],"similarProductIds":[]},{"id":"king-island-cheese-brie-double-8167484p","name":"Cape Wickham Double Brie","brand":"King Island Dairy","imageUrls":["https://shop.coles.com.au/wcsstore/Coles-CAS/images/8/1/6/8167484.jpg"],"storeId":"coles","packageSize":"200g","cupPrice":"$40.00 per 1Kg","locations":{"VIC":{"price":8,"discountRate":37,"promo":"","orgPrice":12.6}},"categoryIds":["c-dairy-eggs--meals"],"similarProductIds":[]},{"id":"latina-lasagne-angus-beef-vegetable-9991403p","name":"Lasagne with Angus Beef & Vegetables","brand":"Latina","imageUrls":["https://shop.coles.com.au/wcsstore/Coles-CAS/images/9/9/9/9991403.jpg"],"storeId":"coles","packageSize":"800g","cupPrice":"$1.38 per 100G","locations":{"VIC":{"price":11,"discountRate":20,"promo":"","orgPrice":13.75}},"categoryIds":["c-dairy-eggs--meals"],"similarProductIds":[]},{"id":"latina-fresh-ravioli-beef","name":"Fresh Beef Ravioli","brand":"Latina","imageUrls":["https://shop.coles.com.au/wcsstore/Coles-CAS/images/5/4/0/5404110.jpg"],"storeId":"coles","packageSize":"625g","cupPrice":"$0.96 per 100G","locations":{"VIC":{"price":6,"discountRate":0,"promo":"","orgPrice":6}},"categoryIds":["c-dairy-eggs--meals","c-convenience-meals"],"similarProductIds":[]},{"id":"philadelphia-caramilk-cream-chese","name":"Caramilk Cream Cheese","brand":"Philadelphia","imageUrls":["https://shop.coles.com.au/wcsstore/Coles-CAS/images/3/7/6/3766583.jpg"],"storeId":"coles","packageSize":"250g","cupPrice":"$9.40 per 1Kg","locations":{"VIC":{"price":2.35,"discountRate":50,"promo":"","orgPrice":4.7}},"categoryIds":["c-dairy-eggs--meals"],"similarProductIds":[]},{"id":"south-cape-cheese-wedge-edam","name":"Sweet & Fruity Edam Cheese Wedge","brand":"South Cape","imageUrls":["https://shop.coles.com.au/wcsstore/Coles-CAS/images/7/7/6/7768412.jpg"],"storeId":"coles","packageSize":"200g","cupPrice":"$23.50 per 1Kg","locations":{"VIC":{"price":4.7,"discountRate":27,"promo":"","orgPrice":6.4}},"categoryIds":["c-dairy-eggs--meals"],"similarProductIds":[]},{"id":"table-of-plenty-kefir-natural","name":"Kefir Natural Yoghurt","brand":"Table Of Plenty","imageUrls":["https://shop.coles.com.au/wcsstore/Coles-CAS/images/2/9/1/2917923.jpg"],"storeId":"coles","packageSize":"1Kg","cupPrice":"$5.00 per 1KG","locations":{"VIC":{"price":5,"discountRate":35,"promo":"","orgPrice":7.7}},"categoryIds":["c-dairy-eggs--meals"],"similarProductIds":[]},{"id":"tamar-valley-yoghurt-passionfruit-no-added-sugar-9914399p","name":"No Added Sugar Low Fat Passionfruit Greek Style Yoghurt","brand":"Tamar Valley","imageUrls":["https://shop.coles.com.au/wcsstore/Coles-CAS/images/9/9/1/9914399.jpg"],"storeId":"coles","packageSize":"700g","cupPrice":"$0.71 per 100G","locations":{"VIC":{"price":4.95,"discountRate":20,"promo":"","orgPrice":6.2}},"categoryIds":["c-dairy-eggs--meals"],"similarProductIds":[]},{"id":"bega-cheese-slices-strong-bitey-aged-vintage-12-pack","name":"Strong & Bitey Vintage Cheese Slices 15 pack","brand":"Bega","imageUrls":["https://shop.coles.com.au/wcsstore/Coles-CAS/images/9/7/5/9759365.jpg"],"storeId":"coles","packageSize":"250g","cupPrice":"$18.00 per 1Kg","locations":{"VIC":{"price":4.5,"discountRate":25,"promo":"","orgPrice":6}},"categoryIds":["c-dairy-eggs--meals"],"similarProductIds":[]},{"id":"bega-cheese-easy-melt-colby-slices","name":"Easy Melt Colby Cheese Slices 15 pack","brand":"Bega","imageUrls":["https://shop.coles.com.au/wcsstore/Coles-CAS/images/1/4/4/1446286.jpg"],"storeId":"coles","packageSize":"250g","cupPrice":"$1.80 per 100G","locations":{"VIC":{"price":4.5,"discountRate":25,"promo":"","orgPrice":6}},"categoryIds":["c-dairy-eggs--meals"],"similarProductIds":[]},{"id":"black-swan-limited-edition-souvlaki-flav-dip","name":"Limited Edition Creamy Garlic & Souvlaki Spiced Flavoured Dip","brand":"Black Swan","imageUrls":["https://shop.coles.com.au/wcsstore/Coles-CAS/images/3/7/8/3780314.jpg"],"storeId":"coles","packageSize":"200g","cupPrice":"$2.15 per 100G","locations":{"VIC":{"price":4.3,"discountRate":19,"promo":"Any 2 $7","orgPrice":4.3}},"categoryIds":["c-dairy-eggs--meals"],"similarProductIds":[]},{"id":"black-swan-classic-swet-chilli-dip","name":"Classic Sweet Chilli Dip","brand":"Black Swan","imageUrls":["https://shop.coles.com.au/wcsstore/Coles-CAS/images/3/7/8/3780290.jpg"],"storeId":"coles","packageSize":"200g","cupPrice":"$1.75 per 100G","locations":{"VIC":{"price":3.5,"discountRate":14,"promo":"Any 2 $6","orgPrice":3.5}},"categoryIds":["c-dairy-eggs--meals"],"similarProductIds":[]},{"id":"changs-noodles-wok-ready-lo-cal","name":"Super Lo-Cal Traditional Noodles","brand":"Chang's","imageUrls":["https://shop.coles.com.au/wcsstore/Coles-CAS/images/8/8/6/8864976.jpg"],"storeId":"coles","packageSize":"390g","cupPrice":"$0.51 per 100G","locations":{"VIC":{"price":2,"discountRate":23,"promo":"","orgPrice":2.6}},"categoryIds":["c-dairy-eggs--meals","c-pantry"],"similarProductIds":[]},{"id":"chobani-fit-yogurt-strawberry","name":"Fit Strawberry Yoghurt Pot","brand":"Chobani","imageUrls":["https://shop.coles.com.au/wcsstore/Coles-CAS/images/3/2/4/3246743.jpg"],"storeId":"coles","packageSize":"170g","cupPrice":"$0.88 per 100G","locations":{"VIC":{"price":1.5,"discountRate":33,"promo":"","orgPrice":2.25}},"categoryIds":["c-dairy-eggs--meals"],"similarProductIds":[]},{"id":"chobani-fit-yogurt-vanilla","name":"Fit Vanilla Yoghurt Pot","brand":"Chobani","imageUrls":["https://shop.coles.com.au/wcsstore/Coles-CAS/images/3/2/4/3246787.jpg"],"storeId":"coles","packageSize":"170g","cupPrice":"$0.88 per 100G","locations":{"VIC":{"price":1.5,"discountRate":33,"promo":"","orgPrice":2.25}},"categoryIds":["c-dairy-eggs--meals"],"similarProductIds":[]},{"id":"chobani-yoghurt-flip-cookies-cream-3246700p","name":"Flip Cookies & Cream Crunch Yoghurt","brand":"Chobani","imageUrls":["https://shop.coles.com.au/wcsstore/Coles-CAS/images/3/2/4/3246700.jpg"],"storeId":"coles","packageSize":"140g","cupPrice":"$1.07 per 100G","locations":{"VIC":{"price":1.5,"discountRate":50,"promo":"","orgPrice":3}},"categoryIds":["c-dairy-eggs--meals"],"similarProductIds":[]},{"id":"coon-colby-cheese-slices-24-pack","name":"Colby Cheddar Cheese Slices 24 Pack","brand":"Coon","imageUrls":["https://shop.coles.com.au/wcsstore/Coles-CAS/images/2/7/8/2781978.jpg"],"storeId":"coles","packageSize":"500g","cupPrice":"$13.60 per 1Kg","locations":{"VIC":{"price":6.8,"discountRate":21,"promo":"","orgPrice":8.6}},"categoryIds":["c-dairy-eggs--meals"],"similarProductIds":[]},{"id":"cracker-barrel-cheese-block-cheddar-vintage-special-reserve","name":"Special Reserve Vintage Cheddar Cheese Block","brand":"Cracker Barrel","imageUrls":["https://shop.coles.com.au/wcsstore/Coles-CAS/images/8/8/3/8838218.jpg"],"storeId":"coles","packageSize":"250g","cupPrice":"$20.60 per 1Kg","locations":{"VIC":{"price":5.15,"discountRate":24,"promo":"","orgPrice":6.79}},"categoryIds":["c-dairy-eggs--meals"],"similarProductIds":[]},{"id":"cracker-barrel-cheese-block-cheddar-vintage-extra-sharp","name":"Extra Sharp Vintage Cheddar Cheese Block","brand":"Cracker Barrel","imageUrls":["https://shop.coles.com.au/wcsstore/Coles-CAS/images/1/9/2/192433.jpg"],"storeId":"coles","packageSize":"250g","cupPrice":"$20.60 per 1Kg","locations":{"VIC":{"price":5.15,"discountRate":22,"promo":"","orgPrice":6.6000000000000005}},"categoryIds":["c-dairy-eggs--meals"],"similarProductIds":[]},{"id":"flora-spread-margarine-original-tub","name":"Dairy Margarine","brand":"Flora","imageUrls":["https://shop.coles.com.au/wcsstore/Coles-CAS/images/2/2/2/222363.jpg"],"storeId":"coles","packageSize":"1kg","cupPrice":"$3.50 per 1KG","locations":{"VIC":{"price":3.5,"discountRate":0,"promo":"","orgPrice":3.5}},"categoryIds":["c-dairy-eggs--meals"],"similarProductIds":[]},{"id":"gippsland-twist-yoghurt-strawberry-cream-3721847p","name":"Strawberry Cream Twist Yoghurt","brand":"Gippsland Dairy","imageUrls":["https://shop.coles.com.au/wcsstore/Coles-CAS/images/3/7/2/3721847.jpg"],"storeId":"coles","packageSize":"160g","cupPrice":"$1.56 per 100G","locations":{"VIC":{"price":2.5,"discountRate":20,"promo":"Any 2 $4","orgPrice":2.5}},"categoryIds":["c-dairy-eggs--meals"],"similarProductIds":[]},{"id":"king-island-cheese-cheddar-stokes-point-smoked","name":"Stokes Point Smoked Cheddar Cheese","brand":"King Island Dairy","imageUrls":["https://shop.coles.com.au/wcsstore/Coles-CAS/images/7/1/6/7160016.jpg"],"storeId":"coles","packageSize":"170g","cupPrice":"$44.12 per 1Kg","locations":{"VIC":{"price":7.5,"discountRate":20,"promo":"","orgPrice":9.35}},"categoryIds":["c-dairy-eggs--meals"],"similarProductIds":[]},{"id":"latina-fresh-pasta-sauce-creamy-carbonara-5404109p","name":"Fresh Creamy Carbonara Pasta Sauce","brand":"Latina","imageUrls":["https://shop.coles.com.au/wcsstore/Coles-CAS/images/5/4/0/5404109.jpg"],"storeId":"coles","packageSize":"425g","cupPrice":"$0.94 per 100G","locations":{"VIC":{"price":4,"discountRate":33,"promo":"","orgPrice":6}},"categoryIds":["c-dairy-eggs--meals","c-convenience-meals"],"similarProductIds":[]},{"id":"philadelphia-flavoured-cream-cheese-garden-herbs","name":"Lactose Free Garden Herb & Onion Twist Spreadable Cream Cheese","brand":"Philadelphia","imageUrls":["https://shop.coles.com.au/wcsstore/Coles-CAS/images/3/2/7/3274523.jpg"],"storeId":"coles","packageSize":"130g","cupPrice":"$23.08 per 1Kg","locations":{"VIC":{"price":3,"discountRate":25,"promo":"","orgPrice":4}},"categoryIds":["c-dairy-eggs--meals"],"similarProductIds":[]},{"id":"philadelphia-flavoured-salmon-lemon-dill","name":"Smoked Salmon With Lemon & Dill Spreadable Cream Cheese","brand":"Philadelphia","imageUrls":["https://shop.coles.com.au/wcsstore/Coles-CAS/images/3/2/7/3274567.jpg"],"storeId":"coles","packageSize":"130g","cupPrice":"$23.08 per 1Kg","locations":{"VIC":{"price":3,"discountRate":25,"promo":"","orgPrice":4}},"categoryIds":["c-dairy-eggs--meals"],"similarProductIds":[]},{"id":"vitasoy-milk-rice-carton","name":"Unsweetened Rice Milk Carton","brand":"Vitasoy","imageUrls":["https://shop.coles.com.au/wcsstore/Coles-CAS/images/6/3/8/6380811.jpg"],"storeId":"coles","packageSize":"1L","cupPrice":"$2.50 per 1L","locations":{"VIC":{"price":2.5,"discountRate":17,"promo":"","orgPrice":3}},"categoryIds":["c-dairy-eggs--meals"],"similarProductIds":[]},{"id":"yumis-dip-beetroot-hommus","name":"Gluten Free Classic Roasted Beetroot & Hommus Dip","brand":"Yumi's","imageUrls":["https://shop.coles.com.au/wcsstore/Coles-CAS/images/6/0/0/6008640.jpg"],"storeId":"coles","packageSize":"200g","cupPrice":"$2.00 per 100G","locations":{"VIC":{"price":4,"discountRate":25,"promo":"Any 2 $6","orgPrice":4}},"categoryIds":["c-dairy-eggs--meals"],"similarProductIds":[]},{"id":"yumis-dip-classic-creamed-beetroot","name":"Gluten Free Roasted Beetroot Classic Dip","brand":"Yumi's","imageUrls":["https://shop.coles.com.au/wcsstore/Coles-CAS/images/8/6/7/8670947.jpg"],"storeId":"coles","packageSize":"200g","cupPrice":"$2.00 per 100G","locations":{"VIC":{"price":4,"discountRate":25,"promo":"Any 2 $6","orgPrice":4}},"categoryIds":["c-dairy-eggs--meals"],"similarProductIds":[]},{"id":"bega-cheese-block-strong-bitey-vintage-166557p","name":"Strong & Bitey Vintage Cheese Block","brand":"Bega","imageUrls":["https://shop.coles.com.au/wcsstore/Coles-CAS/images/1/6/6/166557.jpg"],"storeId":"coles","packageSize":"250g","cupPrice":"$18.00 per 1Kg","locations":{"VIC":{"price":4.5,"discountRate":25,"promo":"","orgPrice":6}},"categoryIds":["c-dairy-eggs--meals"],"similarProductIds":[]},{"id":"black-swan-crafted-dip-limited-edition-jalapeno","name":"Crafted Limited Edition Cheesy Jalapeno Popper Dip","brand":"Black Swan","imageUrls":["https://shop.coles.com.au/wcsstore/Coles-CAS/images/3/5/9/3599018.jpg"],"storeId":"coles","packageSize":"200g","cupPrice":"$2.15 per 100G","locations":{"VIC":{"price":4.3,"discountRate":19,"promo":"Any 2 $7","orgPrice":4.3}},"categoryIds":["c-dairy-eggs--meals"],"similarProductIds":[]},{"id":"castello-cream-cheese-chive-spring-onion","name":"Chive & Spring Onion Cream Cheese","brand":"Castello","imageUrls":["https://shop.coles.com.au/wcsstore/Coles-CAS/images/3/5/6/3560566.jpg"],"storeId":"coles","packageSize":"125g","cupPrice":"$3.20 per 100G","locations":{"VIC":{"price":4,"discountRate":20,"promo":"","orgPrice":5}},"categoryIds":["c-dairy-eggs--meals"],"similarProductIds":[]},{"id":"chobani-fit-yogurt-blueberry","name":"Fit Blueberry Yoghurt Pot","brand":"Chobani","imageUrls":["https://shop.coles.com.au/wcsstore/Coles-CAS/images/3/2/4/3246776.jpg"],"storeId":"coles","packageSize":"170g","cupPrice":"$0.88 per 100G","locations":{"VIC":{"price":1.5,"discountRate":33,"promo":"","orgPrice":2.25}},"categoryIds":["c-dairy-eggs--meals"],"similarProductIds":[]},{"id":"chobani-fit-yogurt-mango","name":"Fit Mango Yoghurt","brand":"Chobani","imageUrls":["https://shop.coles.com.au/wcsstore/Coles-CAS/images/3/2/4/3246754.jpg"],"storeId":"coles","packageSize":"170g","cupPrice":"$0.88 per 100G","locations":{"VIC":{"price":1.5,"discountRate":33,"promo":"","orgPrice":2.25}},"categoryIds":["c-dairy-eggs--meals"],"similarProductIds":[]},{"id":"chobani-fit-yogurt-passionfruit","name":"Fit Passionfruit Yoghurt","brand":"Chobani","imageUrls":["https://shop.coles.com.au/wcsstore/Coles-CAS/images/3/2/4/3246732.jpg"],"storeId":"coles","packageSize":"170g","cupPrice":"$0.88 per 100G","locations":{"VIC":{"price":1.5,"discountRate":33,"promo":"","orgPrice":2.25}},"categoryIds":["c-dairy-eggs--meals"],"similarProductIds":[]},{"id":"chris--heritage-goats-cheese-truffle-dips","name":"Heritage Gluten Free Goat Cheese & Black Truffle Savoury Dip","brand":"Chris'","imageUrls":["https://shop.coles.com.au/wcsstore/Coles-CAS/images/2/8/8/2882578.jpg"],"storeId":"coles","packageSize":"170g","cupPrice":"$3.53 per 100G","locations":{"VIC":{"price":6,"discountRate":25,"promo":"","orgPrice":8}},"categoryIds":["c-dairy-eggs--meals"],"similarProductIds":[]},{"id":"cocobella-coconut-yoghurt-mango","name":"Dairy Free Mango Coconut Yoghurt","brand":"Cocobella","imageUrls":["https://shop.coles.com.au/wcsstore/Coles-CAS/images/3/2/4/3246437.jpg"],"storeId":"coles","packageSize":"500g","cupPrice":"$1.00 per 100G","locations":{"VIC":{"price":5,"discountRate":17,"promo":"","orgPrice":6}},"categoryIds":["c-dairy-eggs--meals"],"similarProductIds":[]},{"id":"cocobella-coconut-yoghurt-vanilla","name":"Dairy Free Vanilla Coconut Yoghurt","brand":"Cocobella","imageUrls":["https://shop.coles.com.au/wcsstore/Coles-CAS/images/3/2/4/3246415.jpg"],"storeId":"coles","packageSize":"500g","cupPrice":"$1.00 per 100G","locations":{"VIC":{"price":5,"discountRate":17,"promo":"","orgPrice":6}},"categoryIds":["c-dairy-eggs--meals"],"similarProductIds":[]},{"id":"kraft-singles-cheese-slices-light-individually-wrapped-12-pack","name":"Light Cheese Slices 12 Pack","brand":"Dairylea","imageUrls":["https://shop.coles.com.au/wcsstore/Coles-CAS/images/3/1/5/315464.jpg"],"storeId":"coles","packageSize":"216g","cupPrice":"$13.89 per 1Kg","locations":{"VIC":{"price":3,"discountRate":13,"promo":"","orgPrice":3.45}},"categoryIds":["c-dairy-eggs--meals"],"similarProductIds":[]},{"id":"kraft-singles-cheese-slices-original-individually-wrapped-12-pack","name":"Original Cheese Slices 12 pack","brand":"Dairylea","imageUrls":["https://shop.coles.com.au/wcsstore/Coles-CAS/images/1/9/2/192546.jpg"],"storeId":"coles","packageSize":"216g","cupPrice":"$13.89 per 1Kg","locations":{"VIC":{"price":3,"discountRate":13,"promo":"","orgPrice":3.45}},"categoryIds":["c-dairy-eggs--meals"],"similarProductIds":[]},{"id":"latina-fresh-tortellini-veal","name":"Fresh Veal Tortellini","brand":"Latina","imageUrls":["https://shop.coles.com.au/wcsstore/Coles-CAS/images/5/4/0/5404131.jpg"],"storeId":"coles","packageSize":"625g","cupPrice":"$0.96 per 100G","locations":{"VIC":{"price":6,"discountRate":0,"promo":"","orgPrice":6}},"categoryIds":["c-dairy-eggs--meals","c-convenience-meals"],"similarProductIds":[]},{"id":"latina-fresh-pasta-sauce-bolognese","name":"Fresh Beef Bolognese","brand":"Latina","imageUrls":["https://shop.coles.com.au/wcsstore/Coles-CAS/images/5/2/2/5220241.jpg"],"storeId":"coles","packageSize":"425g","cupPrice":"$0.94 per 100G","locations":{"VIC":{"price":4,"discountRate":33,"promo":"","orgPrice":6}},"categoryIds":["c-dairy-eggs--meals","c-convenience-meals"],"similarProductIds":[]},{"id":"latina-roast-chicken-garlic-ravioli","name":"Fresh Roast Chicken & Garlic Ravioli","brand":"Latina","imageUrls":["https://shop.coles.com.au/wcsstore/Coles-CAS/images/7/2/9/7294409.jpg"],"storeId":"coles","packageSize":"625g","cupPrice":"$0.96 per 100G","locations":{"VIC":{"price":6,"discountRate":0,"promo":"","orgPrice":6}},"categoryIds":["c-dairy-eggs--meals","c-convenience-meals"],"similarProductIds":[]},{"id":"lemnos-organic-fetta","name":"Organic Fetta Cheese","brand":"Lemnos","imageUrls":["https://shop.coles.com.au/wcsstore/Coles-CAS/images/3/5/1/3510025.jpg"],"storeId":"coles","packageSize":"180g","cupPrice":"$30.56 per 1Kg","locations":{"VIC":{"price":5.5,"discountRate":19,"promo":"","orgPrice":6.75}},"categoryIds":["c-dairy-eggs--meals"],"similarProductIds":[]},{"id":"my-life-bio-cheese-haloumi","name":"Bio Cheese Haloumi","brand":"My Life","imageUrls":["https://shop.coles.com.au/wcsstore/ColesResponsiveStorefrontAssetStore/dist/ccfc54aed6e361b650bcf0582f7b576b/img/img_product-placeholder.png"],"storeId":"coles","packageSize":"200g","cupPrice":"$32.00 per 1Kg","locations":{"VIC":{"price":6.4,"discountRate":20,"promo":"","orgPrice":8}},"categoryIds":["c-dairy-eggs--meals"],"similarProductIds":[]},{"id":"udder-delights-udder-delights-camembert","name":"Adelaide Hills Camembert Cheese","brand":"Udder Delights","imageUrls":["https://shop.coles.com.au/wcsstore/Coles-CAS/images/3/0/5/3054549.jpg"],"storeId":"coles","packageSize":"200g","cupPrice":"$4.00 per 100G","locations":{"VIC":{"price":8,"discountRate":11,"promo":"","orgPrice":9}},"categoryIds":["c-dairy-eggs--meals"],"similarProductIds":[]},{"id":"yoplait-smoothie-strawberry-vanilla","name":"Strawberry &  Vanilla Yoghurt Smoothie","brand":"Yoplait","imageUrls":["https://shop.coles.com.au/wcsstore/Coles-CAS/images/3/5/4/3542994.jpg"],"storeId":"coles","packageSize":"300g","cupPrice":"$0.80 per 100G","locations":{"VIC":{"price":2.4,"discountRate":20,"promo":"","orgPrice":3}},"categoryIds":["c-dairy-eggs--meals"],"similarProductIds":[]},{"id":"yumi-s-mini-kalamata-olive-dip-3pk","name":"Mini Kalamata Olive Dip 3 Pack","brand":"Yumi's","imageUrls":["https://shop.coles.com.au/wcsstore/Coles-CAS/images/3/7/7/3776725.jpg"],"storeId":"coles","packageSize":"195g","cupPrice":"$1.79 per 100G","locations":{"VIC":{"price":3.5,"discountRate":13,"promo":"","orgPrice":4}},"categoryIds":["c-dairy-eggs--meals"],"similarProductIds":[]},{"id":"activia-yoghurt-vanilla-4-pack","name":"Probiotic Vanilla Yoghurt 4 pack","brand":"Activia","imageUrls":["https://shop.coles.com.au/wcsstore/Coles-CAS/images/8/1/6/8169355.jpg"],"storeId":"coles","packageSize":"125g","cupPrice":"$2.40 per 100G","locations":{"VIC":{"price":3,"discountRate":33,"promo":"","orgPrice":4.5}},"categoryIds":["c-dairy-eggs--meals"],"similarProductIds":[]},{"id":"aeroplane-jelly-ready-to-eat-raspberry","name":"Ready To Eat Raspberry Jelly","brand":"Aeroplane","imageUrls":["https://shop.coles.com.au/wcsstore/Coles-CAS/images/1/3/8/1389364.jpg"],"storeId":"coles","packageSize":"120g","cupPrice":"$0.83 per 100G","locations":{"VIC":{"price":1,"discountRate":29,"promo":"","orgPrice":1.4}},"categoryIds":["c-dairy-eggs--meals"],"similarProductIds":[]},{"id":"aeroplane-jelly-ready-to-eat-orange","name":"Ready To Eat Orange Jelly","brand":"Aeroplane","imageUrls":["https://shop.coles.com.au/wcsstore/Coles-CAS/images/1/3/8/1389342.jpg"],"storeId":"coles","packageSize":"120g","cupPrice":"$0.83 per 100G","locations":{"VIC":{"price":1,"discountRate":29,"promo":"","orgPrice":1.4}},"categoryIds":["c-dairy-eggs--meals"],"similarProductIds":[]},{"id":"aeroplane-jelly-ready-to-eat-blackcurrant","name":"Ready To Eat Blackcurrant Jelly","brand":"Aeroplane","imageUrls":["https://shop.coles.com.au/wcsstore/Coles-CAS/images/1/3/8/1389375.jpg"],"storeId":"coles","packageSize":"120g","cupPrice":"$0.83 per 100G","locations":{"VIC":{"price":1,"discountRate":29,"promo":"","orgPrice":1.4}},"categoryIds":["c-dairy-eggs--meals"],"similarProductIds":[]},{"id":"aeroplane-jelly-ready-to-eat-strawberry","name":"Ready To Eat Strawberry Jelly","brand":"Aeroplane","imageUrls":["https://shop.coles.com.au/wcsstore/Coles-CAS/images/1/3/8/1389353.jpg"],"storeId":"coles","packageSize":"120g","cupPrice":"$0.83 per 100G","locations":{"VIC":{"price":1,"discountRate":29,"promo":"","orgPrice":1.4}},"categoryIds":["c-dairy-eggs--meals"],"similarProductIds":[]},{"id":"aeroplane--ready-to-eat-pineapple-jelly","name":"Ready To Eat Pineapple Jelly","brand":"Aeroplane","imageUrls":["https://shop.coles.com.au/wcsstore/Coles-CAS/images/2/7/3/2738108.jpg"],"storeId":"coles","packageSize":"120g","cupPrice":"$0.83 per 100G","locations":{"VIC":{"price":1,"discountRate":29,"promo":"","orgPrice":1.4}},"categoryIds":["c-dairy-eggs--meals"],"similarProductIds":[]},{"id":"bega-so-light-cheese-slices-tasty-extra-light-12-pack","name":"Light & Tasty Natural Cheese Slices 12 pack","brand":"Bega","imageUrls":["https://shop.coles.com.au/wcsstore/Coles-CAS/images/9/4/0/9400960.jpg"],"storeId":"coles","packageSize":"250g","cupPrice":"$1.80 per 100G","locations":{"VIC":{"price":4.5,"discountRate":25,"promo":"","orgPrice":6}},"categoryIds":["c-dairy-eggs--meals"],"similarProductIds":[]},{"id":"farmers-best-dip-basil-cashew","name":"Crafted Basil With Cashew & Parmesan Dip","brand":"Black Swan","imageUrls":["https://shop.coles.com.au/wcsstore/Coles-CAS/images/9/9/8/9980418.jpg"],"storeId":"coles","packageSize":"200g","cupPrice":"$2.15 per 100G","locations":{"VIC":{"price":4.3,"discountRate":19,"promo":"Any 2 $7","orgPrice":4.3}},"categoryIds":["c-dairy-eggs--meals"],"similarProductIds":[]},{"id":"black-swan-seasonal-dip-sweet-potato-and-cashews","name":"Crafted Sweet Potato & Cashew Dip","brand":"Black Swan","imageUrls":["https://shop.coles.com.au/wcsstore/Coles-CAS/images/9/2/1/9217293.jpg"],"storeId":"coles","packageSize":"200g","cupPrice":"$2.15 per 100G","locations":{"VIC":{"price":4.3,"discountRate":19,"promo":"Any 2 $7","orgPrice":4.3}},"categoryIds":["c-dairy-eggs--meals"],"similarProductIds":[]},{"id":"black-swan-limited-edition-cheseburger-dip","name":"Limited Edition Cheeseburger Flavoured Dip","brand":"Black Swan","imageUrls":["https://shop.coles.com.au/wcsstore/Coles-CAS/images/3/7/8/3780289.jpg"],"storeId":"coles","packageSize":"200g","cupPrice":"$2.15 per 100G","locations":{"VIC":{"price":4.3,"discountRate":19,"promo":"Any 2 $7","orgPrice":4.3}},"categoryIds":["c-dairy-eggs--meals"],"similarProductIds":[]},{"id":"black-swan-limited-edition-avo-edamame-dip","name":"Crafted Smashed Avo & Edamame Dip","brand":"Black Swan","imageUrls":["https://shop.coles.com.au/wcsstore/Coles-CAS/images/3/7/8/3780245.jpg"],"storeId":"coles","packageSize":"200g","cupPrice":"$2.15 per 100G","locations":{"VIC":{"price":4.3,"discountRate":19,"promo":"Any 2 $7","orgPrice":4.3}},"categoryIds":["c-dairy-eggs--meals"],"similarProductIds":[]},{"id":"castello-havarti-creamy","name":"Havarti Creamy Cheese","brand":"Castello","imageUrls":["https://shop.coles.com.au/wcsstore/Coles-CAS/images/3/0/2/3029086.jpg"],"storeId":"coles","packageSize":"200g","cupPrice":"$2.25 per 100G","locations":{"VIC":{"price":4.5,"discountRate":25,"promo":"","orgPrice":6}},"categoryIds":["c-dairy-eggs--meals"],"similarProductIds":[]},{"id":"castello-cream-cheese-tropical-fruit-almonds","name":"Tropical Fruit & Almonds Cream Cheese","brand":"Castello","imageUrls":["https://shop.coles.com.au/wcsstore/Coles-CAS/images/3/5/6/3560577.jpg"],"storeId":"coles","packageSize":"125g","cupPrice":"$3.20 per 100G","locations":{"VIC":{"price":4,"discountRate":20,"promo":"","orgPrice":5}},"categoryIds":["c-dairy-eggs--meals"],"similarProductIds":[]},{"id":"chobani-flip-yoghurt-choc-cherry-delight","name":"Caramel Sunshine Flip Yoghurt","brand":"Chobani","imageUrls":["https://shop.coles.com.au/wcsstore/Coles-CAS/images/3/4/7/3477826.jpg"],"storeId":"coles","packageSize":"140g","cupPrice":"$1.07 per 100G","locations":{"VIC":{"price":1.5,"discountRate":50,"promo":"","orgPrice":3}},"categoryIds":["c-dairy-eggs--meals"],"similarProductIds":[]},{"id":"chris-heritage-vintage-cheddar-caramelised-onion-dip","name":"Heritage Vintage Cheddar & Caramelised Onion Savoury Dip","brand":"Chris'","imageUrls":["https://shop.coles.com.au/wcsstore/Coles-CAS/images/2/5/8/2582100.jpg"],"storeId":"coles","packageSize":"170g","cupPrice":"$3.53 per 100G","locations":{"VIC":{"price":6,"discountRate":25,"promo":"","orgPrice":8}},"categoryIds":["c-dairy-eggs--meals"],"similarProductIds":[]},{"id":"chris-heritage-blue-cheese-fig-pistachio-dip","name":"Heritage Blue Cheese Fig & Pistachio Savoury Dip","brand":"Chris'","imageUrls":["https://shop.coles.com.au/wcsstore/Coles-CAS/images/2/5/8/2582097.jpg"],"storeId":"coles","packageSize":"170g","cupPrice":"$3.53 per 100G","locations":{"VIC":{"price":6,"discountRate":25,"promo":"","orgPrice":8}},"categoryIds":["c-dairy-eggs--meals"],"similarProductIds":[]},{"id":"cocobella-coconut-yoghurt-toppers-passionfruit","name":"Passionfruit Coconut Yoghurt","brand":"Cocobella","imageUrls":["https://shop.coles.com.au/wcsstore/Coles-CAS/images/3/2/4/3246460.jpg"],"storeId":"coles","packageSize":"150g","cupPrice":"$1.67 per 100G","locations":{"VIC":{"price":2.5,"discountRate":29,"promo":"","orgPrice":3.5}},"categoryIds":["c-dairy-eggs--meals"],"similarProductIds":[]},{"id":"coyo-organic-coconut-milk-kefir-vanilla-bean","name":"Organic Coconut Milk Kefir Vanilla Bean","brand":"Coyo","imageUrls":["https://shop.coles.com.au/wcsstore/Coles-CAS/images/3/7/6/3761411.jpg"],"storeId":"coles","packageSize":"250mL","cupPrice":"$19.60 per 1L","locations":{"VIC":{"price":4.9,"discountRate":11,"promo":"","orgPrice":5.5}},"categoryIds":["c-dairy-eggs--meals"],"similarProductIds":[]},{"id":"coyo-organic-coconut-milk-kefir-mango","name":"Organic Coconut Milk Kefir Mango","brand":"Coyo","imageUrls":["https://shop.coles.com.au/wcsstore/Coles-CAS/images/3/7/6/3761397.jpg"],"storeId":"coles","packageSize":"250mL","cupPrice":"$19.60 per 1L","locations":{"VIC":{"price":4.9,"discountRate":11,"promo":"","orgPrice":5.5}},"categoryIds":["c-dairy-eggs--meals"],"similarProductIds":[]},{"id":"dare-maxibond-flavoured-milk","name":"Flavoured Milk","brand":"Dare Maxibond","imageUrls":["https://shop.coles.com.au/wcsstore/Coles-CAS/images/3/8/5/3856948.jpg"],"storeId":"coles","packageSize":"500mL","cupPrice":"$5.20 per 1L","locations":{"VIC":{"price":2.6,"discountRate":22,"promo":"","orgPrice":3.35}},"categoryIds":["c-dairy-eggs--meals","c-drinks"],"similarProductIds":[]},{"id":"easiyo-low-fat-greek-yoghurt","name":"Greek Style Unsweetened Yoghurt","brand":"Easiyo","imageUrls":["https://shop.coles.com.au/wcsstore/Coles-CAS/images/2/7/4/2745985.jpg"],"storeId":"coles","packageSize":"170g","cupPrice":"$2.21 per 100G","locations":{"VIC":{"price":3.75,"discountRate":11,"promo":"","orgPrice":4.2}},"categoryIds":["c-dairy-eggs--meals"],"similarProductIds":[]},{"id":"easiyo-greek-yoghurt","name":"Greek Style Unsweetened Yoghurt","brand":"Easiyo","imageUrls":["https://shop.coles.com.au/wcsstore/Coles-CAS/images/2/7/4/2745974.jpg"],"storeId":"coles","packageSize":"170g","cupPrice":"$2.21 per 100G","locations":{"VIC":{"price":3.75,"discountRate":11,"promo":"","orgPrice":4.2}},"categoryIds":["c-dairy-eggs--meals"],"similarProductIds":[]},{"id":"easyio-natural-yoghurt","name":"Natural Unsweetened Yoghurt","brand":"Easiyo","imageUrls":["https://shop.coles.com.au/wcsstore/Coles-CAS/images/2/7/4/2745249.jpg"],"storeId":"coles","packageSize":"140g","cupPrice":"$2.68 per 100G","locations":{"VIC":{"price":3.75,"discountRate":11,"promo":"","orgPrice":4.2}},"categoryIds":["c-dairy-eggs--meals"],"similarProductIds":[]},{"id":"easiyo-yoghurt-reduced-sugar-vanilla","name":"Yoghurt Reduced Sugar Vanilla","brand":"Easiyo","imageUrls":["https://shop.coles.com.au/wcsstore/Coles-CAS/images/3/7/3/3730258.jpg"],"storeId":"coles","packageSize":"176g","cupPrice":"$2.13 per 100G","locations":{"VIC":{"price":3.75,"discountRate":11,"promo":"","orgPrice":4.2}},"categoryIds":["c-dairy-eggs--meals"],"similarProductIds":[]},{"id":"easiyo-yoghurt-reduced-sugar-strawberry","name":"Yoghurt Reduced Sugar Strawberry","brand":"Easiyo","imageUrls":["https://shop.coles.com.au/wcsstore/Coles-CAS/images/3/7/3/3730247.jpg"],"storeId":"coles","packageSize":"176g","cupPrice":"$2.13 per 100G","locations":{"VIC":{"price":3.75,"discountRate":11,"promo":"","orgPrice":4.2}},"categoryIds":["c-dairy-eggs--meals"],"similarProductIds":[]},{"id":"flora-buttery-margarine","name":"Buttery Margarine","brand":"Flora","imageUrls":["https://shop.coles.com.au/wcsstore/Coles-CAS/images/3/5/1/3515299.jpg"],"storeId":"coles","packageSize":"1kg","cupPrice":"$3.50 per 1KG","locations":{"VIC":{"price":3.5,"discountRate":22,"promo":"","orgPrice":4.5}},"categoryIds":["c-dairy-eggs--meals"],"similarProductIds":[]},{"id":"latina-pasta-tortellini-spinach-ricotta","name":"Fresh Spinach & Ricotta Tortellini","brand":"Latina","imageUrls":["https://shop.coles.com.au/wcsstore/Coles-CAS/images/1/2/0/1202146.jpg"],"storeId":"coles","packageSize":"625g","cupPrice":"$0.96 per 100G","locations":{"VIC":{"price":6,"discountRate":0,"promo":"","orgPrice":6}},"categoryIds":["c-dairy-eggs--meals","c-convenience-meals"],"similarProductIds":[]},{"id":"mainland-otg-colby-cheese-olive-crackers","name":"On The Go Colby Cheese & Artisan Crackers","brand":"Mainland","imageUrls":["https://shop.coles.com.au/wcsstore/Coles-CAS/images/3/5/7/3576114.jpg"],"storeId":"coles","packageSize":"38g","cupPrice":"","locations":{"VIC":{"price":2,"discountRate":20,"promo":"","orgPrice":2.5}},"categoryIds":["c-dairy-eggs--meals"],"similarProductIds":[]},{"id":"mainland-otg-extra-tasty-cheese-apricot-crackers","name":"On The Go Extra Tasty Cheese & Artisan Crackers With Date & Apricot","brand":"Mainland","imageUrls":["https://shop.coles.com.au/wcsstore/Coles-CAS/images/3/5/7/3576090.jpg"],"storeId":"coles","packageSize":"38g","cupPrice":"","locations":{"VIC":{"price":2,"discountRate":20,"promo":"","orgPrice":2.5}},"categoryIds":["c-dairy-eggs--meals"],"similarProductIds":[]},{"id":"mainland-otg-tasty-cheese-cranberry-crackers","name":"On The Go Tasty Cheese & Artisan Crackers With Cranberry & Sunflower Seed","brand":"Mainland","imageUrls":["https://shop.coles.com.au/wcsstore/Coles-CAS/images/3/5/7/3576103.jpg"],"storeId":"coles","packageSize":"38g","cupPrice":"","locations":{"VIC":{"price":2,"discountRate":20,"promo":"","orgPrice":2.5}},"categoryIds":["c-dairy-eggs--meals"],"similarProductIds":[]},{"id":"mainland-on-the-go-lunch-pack-chese-betrot","name":"On The Go Lunch Pack Cheese & Balsamic Beetroot","brand":"Mainland","imageUrls":["https://shop.coles.com.au/wcsstore/Coles-CAS/images/3/7/5/3757549.jpg"],"storeId":"coles","packageSize":"110g","cupPrice":"","locations":{"VIC":{"price":4,"discountRate":20,"promo":"","orgPrice":5}},"categoryIds":["c-dairy-eggs--meals"],"similarProductIds":[]},{"id":"mainland-on-the-go-lunch-pack-chese-chilli-jam","name":"On The Go Lunch Pack Cheese & Chilli Jam","brand":"Mainland","imageUrls":["https://shop.coles.com.au/wcsstore/Coles-CAS/images/3/5/6/3562131.jpg"],"storeId":"coles","packageSize":"110g","cupPrice":"","locations":{"VIC":{"price":4,"discountRate":20,"promo":"","orgPrice":5}},"categoryIds":["c-dairy-eggs--meals"],"similarProductIds":[]},{"id":"perfect-italiano-romano-cheese-block","name":"Extra Strong Romano Cheese Block","brand":"Perfect Italiano","imageUrls":["https://shop.coles.com.au/wcsstore/Coles-CAS/images/2/4/8/2486785.jpg"],"storeId":"coles","packageSize":"200g","cupPrice":"$25.00 per 1Kg","locations":{"VIC":{"price":5,"discountRate":21,"promo":"","orgPrice":6.3}},"categoryIds":["c-dairy-eggs--meals"],"similarProductIds":[]},{"id":"perfect-italiano-grated-cheese-perfect-bakes","name":"Grated Cheese Perfect Bakes","brand":"Perfect Italiano","imageUrls":["https://shop.coles.com.au/wcsstore/Coles-CAS/images/3/2/7/3274024.jpg"],"storeId":"coles","packageSize":"250g","cupPrice":"$14.00 per 1Kg","locations":{"VIC":{"price":3.5,"discountRate":18,"promo":"","orgPrice":4.25}},"categoryIds":["c-dairy-eggs--meals"],"similarProductIds":[]},{"id":"philadelphia-icing-lemon","name":"Juicy Lemon Icing","brand":"Philadelphia","imageUrls":["https://shop.coles.com.au/wcsstore/Coles-CAS/images/3/5/6/3562266.jpg"],"storeId":"coles","packageSize":"230g","cupPrice":"$18.70 per 1Kg","locations":{"VIC":{"price":4.3,"discountRate":30,"promo":"Any 2 $6","orgPrice":4.3}},"categoryIds":["c-dairy-eggs--meals"],"similarProductIds":[]},{"id":"philadelphia-icing-classic","name":"Classic Icing","brand":"Philadelphia","imageUrls":["https://shop.coles.com.au/wcsstore/Coles-CAS/images/3/5/6/3562233.jpg"],"storeId":"coles","packageSize":"230g","cupPrice":"$18.70 per 1Kg","locations":{"VIC":{"price":4.3,"discountRate":30,"promo":"Any 2 $6","orgPrice":4.3}},"categoryIds":["c-dairy-eggs--meals"],"similarProductIds":[]},{"id":"sheese-grated-hard-italian-style","name":"Grated Hard Italian Style","brand":"Sheese","imageUrls":["https://shop.coles.com.au/wcsstore/Coles-CAS/images/3/5/6/3561365.jpg"],"storeId":"coles","packageSize":"60g","cupPrice":"$86.68 per 1Kg","locations":{"VIC":{"price":5.2,"discountRate":17,"promo":"","orgPrice":6.300000000000001}},"categoryIds":["c-dairy-eggs--meals"],"similarProductIds":[]},{"id":"udder-delights-ash-brie-3631370p","name":"Adelaide Hills Ash Brie Cheese","brand":"Udder Delights","imageUrls":["https://shop.coles.com.au/wcsstore/Coles-CAS/images/3/6/3/3631370.jpg"],"storeId":"coles","packageSize":"200g","cupPrice":"$40.00 per 1Kg","locations":{"VIC":{"price":8,"discountRate":11,"promo":"","orgPrice":9}},"categoryIds":["c-dairy-eggs--meals"],"similarProductIds":[]},{"id":"vaalia-yoghurt-low-fat-plain","name":"Plain Yoghurt Low Fat","brand":"Vaalia","imageUrls":["https://shop.coles.com.au/wcsstore/Coles-CAS/images/7/0/1/7019460.jpg"],"storeId":"coles","packageSize":"900g","cupPrice":"$0.44 per 100G","locations":{"VIC":{"price":4,"discountRate":0,"promo":"","orgPrice":4}},"categoryIds":["c-dairy-eggs--meals"],"similarProductIds":[]},{"id":"yoplait-smoothie-passionfruit-mango-3476845p","name":"Passionfruit & Mango Yoghurt Smoothie","brand":"Yoplait","imageUrls":["https://shop.coles.com.au/wcsstore/Coles-CAS/images/3/4/7/3476845.jpg"],"storeId":"coles","packageSize":"300g","cupPrice":"$0.80 per 100G","locations":{"VIC":{"price":2.4,"discountRate":20,"promo":"","orgPrice":3}},"categoryIds":["c-dairy-eggs--meals"],"similarProductIds":[]},{"id":"yoplait-smoothie-mixed-berry-3476812p","name":"Mixed Berry Yoghurt Smoothie","brand":"Yoplait","imageUrls":["https://shop.coles.com.au/wcsstore/Coles-CAS/images/3/4/7/3476812.jpg"],"storeId":"coles","packageSize":"300g","cupPrice":"$0.80 per 100G","locations":{"VIC":{"price":2.4,"discountRate":20,"promo":"","orgPrice":3}},"categoryIds":["c-dairy-eggs--meals"],"similarProductIds":[]},{"id":"yoplait-smoothie-mango-peach-3476801p","name":"Mango & Peach Yoghurt Smoothie","brand":"Yoplait","imageUrls":["https://shop.coles.com.au/wcsstore/Coles-CAS/images/3/4/7/3476801.jpg"],"storeId":"coles","packageSize":"300g","cupPrice":"$0.80 per 100G","locations":{"VIC":{"price":2.4,"discountRate":20,"promo":"","orgPrice":3}},"categoryIds":["c-dairy-eggs--meals"],"similarProductIds":[]},{"id":"yumis-hommus-with-crackers","name":"Traditional Middle Eastern Hommus With Crackers","brand":"Yumi's","imageUrls":["https://shop.coles.com.au/wcsstore/Coles-CAS/images/3/3/5/3359626.jpg"],"storeId":"coles","packageSize":"75g","cupPrice":"$2.67 per 100G","locations":{"VIC":{"price":2,"discountRate":20,"promo":"","orgPrice":2.5}},"categoryIds":["c-dairy-eggs--meals"],"similarProductIds":[]},{"id":"yumi-s-classic-hommus-with-pesto-rocket-almond","name":"Classic Hommus With Pesto Rocket & Almond","brand":"Yumi's","imageUrls":["https://shop.coles.com.au/wcsstore/Coles-CAS/images/3/7/7/3776758.jpg"],"storeId":"coles","packageSize":"200g","cupPrice":"$2.00 per 100G","locations":{"VIC":{"price":4,"discountRate":25,"promo":"Any 2 $6","orgPrice":4}},"categoryIds":["c-dairy-eggs--meals"],"similarProductIds":[]},{"id":"yumis-classic-potato-spring-onion","name":"Classic Potato & Spring Onion","brand":"Yumi's","imageUrls":["https://shop.coles.com.au/wcsstore/Coles-CAS/images/3/7/8/3780438.jpg"],"storeId":"coles","packageSize":"200g","cupPrice":"$2.00 per 100G","locations":{"VIC":{"price":4,"discountRate":25,"promo":"Any 2 $6","orgPrice":4}},"categoryIds":["c-dairy-eggs--meals"],"similarProductIds":[]},{"id":"yumi-s-mini-avocado-dip-3pack","name":"Mini Avocado Dip 3 Pack","brand":"Yumi's","imageUrls":["https://shop.coles.com.au/wcsstore/Coles-CAS/images/3/7/7/3776678.jpg"],"storeId":"coles","packageSize":"195g","cupPrice":"$1.79 per 100G","locations":{"VIC":{"price":3.5,"discountRate":13,"promo":"","orgPrice":4}},"categoryIds":["c-dairy-eggs--meals"],"similarProductIds":[]},{"id":"mars-maltesers-block-mint","name":"Teasers Mint Chocolate Blocks","brand":"Maltesers","imageUrls":["https://shop.coles.com.au/wcsstore/Coles-CAS/images/3/5/8/3588113.jpg"],"storeId":"coles","packageSize":"146g","cupPrice":"$1.64 per 100G","locations":{"VIC":{"price":2.4,"discountRate":50,"promo":"","orgPrice":4.8}},"categoryIds":["c-pantry"],"similarProductIds":[]},{"id":"mars-maltesers-block-milk-chocolate","name":"Teasers Milk Chocolate Bar","brand":"Maltesers","imageUrls":["https://shop.coles.com.au/wcsstore/Coles-CAS/images/3/4/7/3475718.jpg"],"storeId":"coles","packageSize":"146g","cupPrice":"$16.44 per 1KG","locations":{"VIC":{"price":2.4,"discountRate":50,"promo":"","orgPrice":4.8}},"categoryIds":["c-pantry"],"similarProductIds":[]},{"id":"nestle-milk-bits-cooking-chocolate","name":"Bakers' Choice Milk Chocolate Bits","brand":"Nestle","imageUrls":["https://shop.coles.com.au/wcsstore/Coles-CAS/images/3/3/3/333852.jpg"],"storeId":"coles","packageSize":"200g","cupPrice":"$1.50 per 100G","locations":{"VIC":{"price":3,"discountRate":24,"promo":"","orgPrice":3.95}},"categoryIds":["c-pantry"],"similarProductIds":[]},{"id":"maggi--beef-stroganoff-dry-recipe-base","name":"Dry Recipe Base Beef Stroganoff","brand":"Maggi","imageUrls":["https://shop.coles.com.au/wcsstore/Coles-CAS/images/2/7/2/2724170.jpg"],"storeId":"coles","packageSize":"41g","cupPrice":"$3.66 per 100G","locations":{"VIC":{"price":1.5,"discountRate":11,"promo":"Any 3 $3.99","orgPrice":1.5}},"categoryIds":["c-pantry"],"similarProductIds":[]},{"id":"nestle-plaistowe-dark-cooking-chocolate","name":"Plaistowe Dark Chocolate Block","brand":"Nestle","imageUrls":["https://shop.coles.com.au/wcsstore/Coles-CAS/images/2/4/4/244479.jpg"],"storeId":"coles","packageSize":"200g","cupPrice":"$1.50 per 100G","locations":{"VIC":{"price":3,"discountRate":25,"promo":"","orgPrice":4}},"categoryIds":["c-pantry"],"similarProductIds":[]},{"id":"nestle-cooking-chocolate-melts-milk","name":"Bakers' Choice Milk Chocolate Melts","brand":"Nestle","imageUrls":["https://shop.coles.com.au/wcsstore/Coles-CAS/images/3/0/5/305008.jpg"],"storeId":"coles","packageSize":"290g","cupPrice":"$1.03 per 100G","locations":{"VIC":{"price":3,"discountRate":22,"promo":"","orgPrice":3.85}},"categoryIds":["c-pantry"],"similarProductIds":[]},{"id":"maggi-stirfry-creations-honey-soy-garlic-chicken","name":"Stir Fry Creations Honey Soy & Garlic Chicken","brand":"Maggi","imageUrls":["https://shop.coles.com.au/wcsstore/Coles-CAS/images/1/1/5/1155170.jpg"],"storeId":"coles","packageSize":"150g","cupPrice":"$1.80 per 100G","locations":{"VIC":{"price":2.7,"discountRate":0,"promo":"","orgPrice":2.7}},"categoryIds":["c-pantry"],"similarProductIds":[]},{"id":"maggi-recipe-mix-cook-in-the-pot-recipe-mix-devilled-sausages","name":"Dry Recipe Base Devilled Sausages","brand":"Maggi","imageUrls":["https://shop.coles.com.au/wcsstore/Coles-CAS/images/5/5/4/5549702.jpg"],"storeId":"coles","packageSize":"37g","cupPrice":"$4.05 per 100G","locations":{"VIC":{"price":1.5,"discountRate":11,"promo":"Any 3 $3.99","orgPrice":1.5}},"categoryIds":["c-pantry"],"similarProductIds":[]},{"id":"maggi-stirfry-creations-teriyaki-sesame-chicken","name":"Stir Fry Creations Teriyaki & Sesame Chicken","brand":"Maggi","imageUrls":["https://shop.coles.com.au/wcsstore/Coles-CAS/images/1/1/5/1155181.jpg"],"storeId":"coles","packageSize":"150g","cupPrice":"$1.00 per 100G","locations":{"VIC":{"price":1.5,"discountRate":0,"promo":"","orgPrice":1.5}},"categoryIds":["c-pantry"],"similarProductIds":[]},{"id":"betty-crocker-brownie-mix-triple-chocolate-fudge","name":"Triple Chocolate Fudge Brownie Mix","brand":"Betty Crocker","imageUrls":["https://shop.coles.com.au/wcsstore/Coles-CAS/images/4/5/2/4525640.jpg"],"storeId":"coles","packageSize":"500g","cupPrice":"$0.80 per 100G","locations":{"VIC":{"price":4,"discountRate":23,"promo":"","orgPrice":5.2}},"categoryIds":["c-pantry"],"similarProductIds":[]},{"id":"betty-crocker-cake-mix-devils-food","name":"Devil's Food Cake Mix","brand":"Betty Crocker","imageUrls":["https://shop.coles.com.au/wcsstore/Coles-CAS/images/5/0/2/5028448.jpg"],"storeId":"coles","packageSize":"540g","cupPrice":"$0.74 per 100G","locations":{"VIC":{"price":4,"discountRate":23,"promo":"","orgPrice":5.2}},"categoryIds":["c-pantry"],"similarProductIds":[]},{"id":"betty-crocker-cookie-mix-chocolate-chunk","name":"Milk Chocolate Chunk Cookie Mix","brand":"Betty Crocker","imageUrls":["https://shop.coles.com.au/wcsstore/Coles-CAS/images/9/4/9/9491138.jpg"],"storeId":"coles","packageSize":"485g","cupPrice":"$0.82 per 100G","locations":{"VIC":{"price":4,"discountRate":23,"promo":"","orgPrice":5.2}},"categoryIds":["c-pantry"],"similarProductIds":[]},{"id":"dolmio-extra-pasta-sauce-bolognese","name":"Extra Bolognese Pasta Sauce","brand":"Dolmio","imageUrls":["https://shop.coles.com.au/wcsstore/Coles-CAS/images/1/2/7/1274373.jpg"],"storeId":"coles","packageSize":"500g","cupPrice":"$0.50 per 100G","locations":{"VIC":{"price":2.5,"discountRate":24,"promo":"","orgPrice":3.29}},"categoryIds":["c-pantry"],"similarProductIds":[]},{"id":"lipton-tea-bags-black-tea-116989p","name":"Black Tea Bags","brand":"Lipton","imageUrls":["https://shop.coles.com.au/wcsstore/Coles-CAS/images/1/1/6/116989.jpg"],"storeId":"coles","packageSize":"100 Pack","cupPrice":"$0.04 per 1Ea","locations":{"VIC":{"price":3.5,"discountRate":30,"promo":"","orgPrice":5}},"categoryIds":["c-pantry","c-drinks"],"similarProductIds":[]},{"id":"cornwells-vinegar-cider","name":"Apple Cider Vinegar","brand":"Cornwell's","imageUrls":["https://shop.coles.com.au/wcsstore/Coles-CAS/images/1/7/7/177178.jpg"],"storeId":"coles","packageSize":"750mL","cupPrice":"$0.40 per 100mL","locations":{"VIC":{"price":3,"discountRate":10,"promo":"","orgPrice":3.35}},"categoryIds":["c-pantry"],"similarProductIds":[]},{"id":"continental-pasta-sauce-value-pack-bacon-carbonara","name":"Value Pack Pasta & Sauce Creamy Bacon Carbonara Serves 5","brand":"Continental","imageUrls":["https://shop.coles.com.au/wcsstore/Coles-CAS/images/4/7/2/4727372.jpg"],"storeId":"coles","packageSize":"145g","cupPrice":"$2.07 per 100G","locations":{"VIC":{"price":3,"discountRate":25,"promo":"Any 2 $4.50","orgPrice":3}},"categoryIds":["c-pantry"],"similarProductIds":[]},{"id":"cadbury-twirl-chocolate-bar","name":"Twirl Chocolate Bar","brand":"Cadbury","imageUrls":["https://shop.coles.com.au/wcsstore/Coles-CAS/images/5/2/1/5216313.jpg"],"storeId":"coles","packageSize":"39g","cupPrice":"$2.18 per 100G","locations":{"VIC":{"price":0.85,"discountRate":58,"promo":"","orgPrice":2}},"categoryIds":["c-pantry"],"similarProductIds":[]},{"id":"crisco-vegetable-oil-blended","name":"Vegetable Oil Blended","brand":"Crisco","imageUrls":["https://shop.coles.com.au/wcsstore/Coles-CAS/images/1/2/6/126745.jpg"],"storeId":"coles","packageSize":"750mL","cupPrice":"$0.40 per 100mL","locations":{"VIC":{"price":3,"discountRate":21,"promo":"","orgPrice":3.8}},"categoryIds":["c-pantry"],"similarProductIds":[]},{"id":"moccona-classic--coffee-freeze-dried","name":"Classic Medium Roast Instant Coffee","brand":"Moccona","imageUrls":["https://shop.coles.com.au/wcsstore/Coles-CAS/images/9/6/9/9693915.jpg"],"storeId":"coles","packageSize":"400g","cupPrice":"$4.00 per 100G","locations":{"VIC":{"price":16,"discountRate":33,"promo":"","orgPrice":24}},"categoryIds":["c-pantry","c-drinks"],"similarProductIds":[]},{"id":"continental-recipe-mix-chow-mein-mince","name":"Chow Mein Mince Recipe Base Serves 4","brand":"Continental","imageUrls":["https://shop.coles.com.au/wcsstore/Coles-CAS/images/9/4/7/9474999.jpg"],"storeId":"coles","packageSize":"30g","cupPrice":"$5.33 per 100G","locations":{"VIC":{"price":1.6,"discountRate":9,"promo":"Any 2 $2.90","orgPrice":1.6}},"categoryIds":["c-pantry"],"similarProductIds":[]},{"id":"vittoria-coffee-ground-espresso-5098986p","name":"Espresso Ground Coffee","brand":"Vittoria","imageUrls":["https://shop.coles.com.au/wcsstore/Coles-CAS/images/5/0/9/5098986.jpg"],"storeId":"coles","packageSize":"1kg","cupPrice":"$2.00 per 100G","locations":{"VIC":{"price":20,"discountRate":29,"promo":"","orgPrice":28}},"categoryIds":["c-pantry","c-drinks"],"similarProductIds":[]},{"id":"vittoria-coffee-beans-espresso-9184897p","name":"Espresso Coffee Beans","brand":"Vittoria","imageUrls":["https://shop.coles.com.au/wcsstore/Coles-CAS/images/9/1/8/9184897.jpg"],"storeId":"coles","packageSize":"1kg","cupPrice":"$2.00 per 100G","locations":{"VIC":{"price":20,"discountRate":29,"promo":"","orgPrice":28}},"categoryIds":["c-pantry","c-drinks"],"similarProductIds":[]},{"id":"nescafe-blend-43-coffee-granules-116322p","name":"Blend 43 Instant Coffee","brand":"Nescafe","imageUrls":["https://shop.coles.com.au/wcsstore/Coles-CAS/images/1/1/6/116322.jpg"],"storeId":"coles","packageSize":"150g","cupPrice":"$4.67 per 100G","locations":{"VIC":{"price":7,"discountRate":26,"promo":"","orgPrice":9.4}},"categoryIds":["c-pantry","c-drinks"],"similarProductIds":[]},{"id":"kantong-sauce-stir-fry-sweet-sour","name":"Sweet & Sour Cooking Sauce","brand":"KanTong","imageUrls":["https://shop.coles.com.au/wcsstore/Coles-CAS/images/1/2/7/1279763.jpg"],"storeId":"coles","packageSize":"515g","cupPrice":"$0.64 per 100G","locations":{"VIC":{"price":3.3,"discountRate":9,"promo":"Any 2 $6","orgPrice":3.3}},"categoryIds":["c-pantry"],"similarProductIds":[]},{"id":"lipton-tea-bags-green-9400846p","name":"Pure Green Tea Bags","brand":"Lipton","imageUrls":["https://shop.coles.com.au/wcsstore/Coles-CAS/images/9/4/0/9400846.jpg"],"storeId":"coles","packageSize":"50 pack","cupPrice":"$0.06 per 1Ea","locations":{"VIC":{"price":3,"discountRate":39,"promo":"","orgPrice":4.9}},"categoryIds":["c-pantry","c-drinks"],"similarProductIds":[]},{"id":"kezs-biscuits-gluten-free-melting-moments","name":"Gluten Free Melting Moment Biscuits","brand":"Kez's Kitchen","imageUrls":["https://shop.coles.com.au/wcsstore/Coles-CAS/images/6/9/9/6995383.jpg"],"storeId":"coles","packageSize":"190g","cupPrice":"$2.95 per 100G","locations":{"VIC":{"price":5.6,"discountRate":20,"promo":"","orgPrice":7}},"categoryIds":["c-pantry","c-healthy-living"],"similarProductIds":[]},{"id":"masterfoods-recipe-base-creamy-beef-stroganoff","name":"Beef Stroganoff Recipe Base","brand":"MasterFoods","imageUrls":["https://shop.coles.com.au/wcsstore/Coles-CAS/images/9/4/4/9442620.jpg"],"storeId":"coles","packageSize":"175g","cupPrice":"$1.26 per 100G","locations":{"VIC":{"price":2.2,"discountRate":9,"promo":"Any 3 $6","orgPrice":2.2}},"categoryIds":["c-pantry"],"similarProductIds":[]},{"id":"allens-butter-menthol-lozenges","name":"Butter-Menthol Medicated Throat Lozenges","brand":"Soothers","imageUrls":["https://shop.coles.com.au/wcsstore/Coles-CAS/images/5/0/9/5096459.jpg"],"storeId":"coles","packageSize":"3 pack","cupPrice":"$3.65 per 1Ea","locations":{"VIC":{"price":3.65,"discountRate":9,"promo":"","orgPrice":4}},"categoryIds":["c-pantry"],"similarProductIds":[]},{"id":"cadbury-cherry-ripe-chocolate-bar","name":"Cherry Ripe Chocolate Bar","brand":"Cadbury","imageUrls":["https://shop.coles.com.au/wcsstore/Coles-CAS/images/1/3/6/136534.jpg"],"storeId":"coles","packageSize":"52g","cupPrice":"$1.63 per 100G","locations":{"VIC":{"price":0.85,"discountRate":58,"promo":"","orgPrice":2}},"categoryIds":["c-pantry"],"similarProductIds":[]},{"id":"crisco-canola-oil","name":"Canola Oil","brand":"Crisco","imageUrls":["https://shop.coles.com.au/wcsstore/Coles-CAS/images/7/3/0/73092.jpg"],"storeId":"coles","packageSize":"750mL","cupPrice":"$0.40 per 100mL","locations":{"VIC":{"price":3,"discountRate":21,"promo":"","orgPrice":3.8}},"categoryIds":["c-pantry"],"similarProductIds":[]},{"id":"kantong-sauce-stir-fry-sweet-sour-pineapple","name":"Pineapple Sweet & Sour Stir Fry Cooking Sauce","brand":"Kan Tong","imageUrls":["https://shop.coles.com.au/wcsstore/Coles-CAS/images/1/2/7/1279800.jpg"],"storeId":"coles","packageSize":"515g","cupPrice":"$0.64 per 100G","locations":{"VIC":{"price":3.3,"discountRate":9,"promo":"Any 2 $6","orgPrice":3.3}},"categoryIds":["c-pantry"],"similarProductIds":[]},{"id":"allens-anticol","name":"Medicated Throat Lozenges Original Menthol","brand":"Anticol","imageUrls":["https://shop.coles.com.au/wcsstore/Coles-CAS/images/5/0/9/5096448.jpg"],"storeId":"coles","packageSize":"3 pack","cupPrice":"$3.65 per 1Ea","locations":{"VIC":{"price":3.65,"discountRate":9,"promo":"","orgPrice":4}},"categoryIds":["c-pantry"],"similarProductIds":[]},{"id":"continental--oriental-fried-rice-value-pack","name":"Value Pack Oriental Fried Rice Serves 5","brand":"Continental","imageUrls":["https://shop.coles.com.au/wcsstore/Coles-CAS/images/5/7/4/5748006.jpg"],"storeId":"coles","packageSize":"180g","cupPrice":"$1.67 per 100G","locations":{"VIC":{"price":3,"discountRate":25,"promo":"Any 2 $4.50","orgPrice":3}},"categoryIds":["c-pantry"],"similarProductIds":[]},{"id":"masterfoods-recipe-base-curried-sausages","name":"Curried Sausages Recipe Base","brand":"MasterFoods","imageUrls":["https://shop.coles.com.au/wcsstore/Coles-CAS/images/9/4/8/9482115.jpg"],"storeId":"coles","packageSize":"175g","cupPrice":"$1.26 per 100G","locations":{"VIC":{"price":2.2,"discountRate":9,"promo":"Any 3 $6","orgPrice":2.2}},"categoryIds":["c-pantry"],"similarProductIds":[]},{"id":"cadbury-turkish-delight-chocolate-bar","name":"Turkish Delight Chocolate Bar","brand":"Fry's","imageUrls":["https://shop.coles.com.au/wcsstore/Coles-CAS/images/1/3/6/136498.jpg"],"storeId":"coles","packageSize":"55g","cupPrice":"$1.55 per 100G","locations":{"VIC":{"price":0.85,"discountRate":58,"promo":"","orgPrice":2}},"categoryIds":["c-pantry"],"similarProductIds":[]},{"id":"continental-pasta-sauce-value-pack-alfredo","name":"Value Pack Pasta & Sauce Alfredo Serves 5","brand":"Continental","imageUrls":["https://shop.coles.com.au/wcsstore/Coles-CAS/images/4/7/2/4727383.jpg"],"storeId":"coles","packageSize":"145g","cupPrice":"$2.07 per 100G","locations":{"VIC":{"price":3,"discountRate":25,"promo":"Any 2 $4.50","orgPrice":3}},"categoryIds":["c-pantry"],"similarProductIds":[]},{"id":"dolmio-extra-pasta-sauce-tomato-onion-garlic","name":"Extra Tomato, Onion & Roast Garlic Pasta Sauce","brand":"Dolmio","imageUrls":["https://shop.coles.com.au/wcsstore/Coles-CAS/images/1/2/7/1274464.jpg"],"storeId":"coles","packageSize":"500g","cupPrice":"$0.50 per 100G","locations":{"VIC":{"price":2.5,"discountRate":24,"promo":"","orgPrice":3.29}},"categoryIds":["c-pantry"],"similarProductIds":[]},{"id":"uncle-tobys-roll-ups-fun-print-strawberry","name":"Strawberry Flavour Roll Ups 6 pack","brand":"Uncle Toby's","imageUrls":["https://shop.coles.com.au/wcsstore/Coles-CAS/images/6/8/9/6899153.jpg"],"storeId":"coles","packageSize":"94g","cupPrice":"$4.26 per 1G","locations":{"VIC":{"price":4,"discountRate":25,"promo":"Any 2 $6","orgPrice":4}},"categoryIds":["c-pantry"],"similarProductIds":[]},{"id":"kelloggs-cereal-sustain-original","name":"Sustain Breakfast Cereal with Whole Grain Flakes","brand":"Kellogg's","imageUrls":["https://shop.coles.com.au/wcsstore/Coles-CAS/images/8/4/9/8494174.jpg"],"storeId":"coles","packageSize":"480g","cupPrice":"$0.89 per 100G","locations":{"VIC":{"price":4.27,"discountRate":25,"promo":"","orgPrice":5.699999999999999}},"categoryIds":["c-pantry"],"similarProductIds":[]},{"id":"kezs-free-gluten-free-biscuits-vienna-eclair","name":"Gluten Free Vienna Eclair Biscuits","brand":"Kez's Kitchen","imageUrls":["https://shop.coles.com.au/wcsstore/Coles-CAS/images/8/6/8/8684850.jpg"],"storeId":"coles","packageSize":"190g","cupPrice":"$2.95 per 100G","locations":{"VIC":{"price":5.6,"discountRate":20,"promo":"","orgPrice":7}},"categoryIds":["c-pantry","c-healthy-living"],"similarProductIds":[]},{"id":"continental-recipe-mix-shepherds-pie","name":"Shepherds Pie Recipe Base","brand":"Continental","imageUrls":["https://shop.coles.com.au/wcsstore/Coles-CAS/images/5/5/6/5564728.jpg"],"storeId":"coles","packageSize":"50g","cupPrice":"$3.20 per 100G","locations":{"VIC":{"price":1.6,"discountRate":9,"promo":"Any 2 $2.90","orgPrice":1.6}},"categoryIds":["c-pantry"],"similarProductIds":[]},{"id":"masterfoods-chutney-mango","name":"Mango Chutney Relish","brand":"MasterFoods","imageUrls":["https://shop.coles.com.au/wcsstore/Coles-CAS/images/9/1/4/9141282.jpg"],"storeId":"coles","packageSize":"250g","cupPrice":"$1.32 per 100G","locations":{"VIC":{"price":3.3,"discountRate":24,"promo":"Any 2 $5","orgPrice":3.3}},"categoryIds":["c-pantry"],"similarProductIds":[]},{"id":"soothers-medicated-blackcurrant","name":"Blackcurrant Dry Sore Throat","brand":"Soothers","imageUrls":["https://shop.coles.com.au/wcsstore/Coles-CAS/images/5/5/1/5516011.jpg"],"storeId":"coles","packageSize":"3 pack","cupPrice":"$1.22 per 1Ea","locations":{"VIC":{"price":3.65,"discountRate":13,"promo":"","orgPrice":4.2}},"categoryIds":["c-pantry"],"similarProductIds":[]},{"id":"vittoria-coffee-beans-italian","name":"Special Italian Blend Coffee Beans","brand":"Vittoria","imageUrls":["https://shop.coles.com.au/wcsstore/Coles-CAS/images/4/4/3/443770.jpg"],"storeId":"coles","packageSize":"1kg","cupPrice":"$1.40 per 100G","locations":{"VIC":{"price":14,"discountRate":26,"promo":"","orgPrice":19}},"categoryIds":["c-pantry","c-drinks"],"similarProductIds":[]},{"id":"skittles-sours","name":"Sours Lollies Medium Bag","brand":"Skittles","imageUrls":["https://shop.coles.com.au/wcsstore/Coles-CAS/images/7/5/8/7582094.jpg"],"storeId":"coles","packageSize":"190g","cupPrice":"$1.58 per 100G","locations":{"VIC":{"price":3,"discountRate":33,"promo":"","orgPrice":4.5}},"categoryIds":["c-pantry"],"similarProductIds":[]},{"id":"lavazza-coffee-beans-arabica-gold","name":"Medium Roast Smooth And Aromatic Coffee Beans","brand":"Lavazza","imageUrls":["https://shop.coles.com.au/wcsstore/Coles-CAS/images/8/9/6/8967050.jpg"],"storeId":"coles","packageSize":"1kg","cupPrice":"$2.00 per 100G","locations":{"VIC":{"price":20,"discountRate":33,"promo":"","orgPrice":30}},"categoryIds":["c-pantry","c-drinks"],"similarProductIds":[]},{"id":"lavazza-ground-coffee-torino-qualita-oro-4965938p","name":"Smooth And Aromatic Medium Roast Ground Coffee","brand":"Lavazza","imageUrls":["https://shop.coles.com.au/wcsstore/Coles-CAS/images/4/9/6/4965938.jpg"],"storeId":"coles","packageSize":"1kg","cupPrice":"$2.00 per 100G","locations":{"VIC":{"price":20,"discountRate":33,"promo":"","orgPrice":30}},"categoryIds":["c-pantry","c-drinks"],"similarProductIds":[]},{"id":"vitalstrength-ripped-high-protein-chocolate","name":"Hydroxy Ripped Chocolate Thermogenic Protein Powder","brand":"Vital Strength","imageUrls":["https://shop.coles.com.au/wcsstore/Coles-CAS/images/2/7/3/2734741.jpg"],"storeId":"coles","packageSize":"600g","cupPrice":"$4.08 per 100G","locations":{"VIC":{"price":24.5,"discountRate":30,"promo":"","orgPrice":35}},"categoryIds":["c-pantry","c-healthy-living"],"similarProductIds":[]},{"id":"nescafe-dolce-gusto-capsules-cappucino","name":"Dolce Gusto Cappuccino Capsules 16 pack","brand":"Nescafe","imageUrls":["https://shop.coles.com.au/wcsstore/Coles-CAS/images/3/2/0/3208074.jpg"],"storeId":"coles","packageSize":"186g","cupPrice":"$2.69 per 100G","locations":{"VIC":{"price":5,"discountRate":41,"promo":"","orgPrice":8.5}},"categoryIds":["c-pantry","c-drinks"],"similarProductIds":[]},{"id":"cobram-estate-oil-olive-extra-virgin","name":"Extra Virgin Olive Oil Classic","brand":"Cobram Estate","imageUrls":["https://shop.coles.com.au/wcsstore/Coles-CAS/images/9/3/8/9389517.jpg"],"storeId":"coles","packageSize":"375mL","cupPrice":"$1.60 per 100mL","locations":{"VIC":{"price":6,"discountRate":25,"promo":"","orgPrice":8}},"categoryIds":["c-pantry"],"similarProductIds":[]},{"id":"kelloggs-k-time-twists-strawberry-yoghurt","name":"K-Time Baked Twists Strawberry & Yoghurt Flavour Filled Snack Bars 5 pack","brand":"Kellogg's","imageUrls":["https://shop.coles.com.au/wcsstore/Coles-CAS/images/9/2/6/9264260.jpg"],"storeId":"coles","packageSize":"185g","cupPrice":"$1.08 per 100G","locations":{"VIC":{"price":2,"discountRate":50,"promo":"","orgPrice":4}},"categoryIds":["c-pantry"],"similarProductIds":[]},{"id":"crankt--protein-shake-chocolate","name":"Chocolate Protein Shake","brand":"Crankt","imageUrls":["https://shop.coles.com.au/wcsstore/Coles-CAS/images/1/2/1/1211158.jpg"],"storeId":"coles","packageSize":"375mL","cupPrice":"$10.53 per 1L","locations":{"VIC":{"price":3.95,"discountRate":24,"promo":"Any 2 $6","orgPrice":3.95}},"categoryIds":["c-pantry","c-healthy-living"],"similarProductIds":[]},{"id":"nescafe-dolce-gusto-capsules-americano","name":"Dolce Gusto Americano Coffee Capsules 16 pack","brand":"Nescafe","imageUrls":["https://shop.coles.com.au/wcsstore/Coles-CAS/images/3/3/5/3354509.jpg"],"storeId":"coles","packageSize":"128g","cupPrice":"$3.91 per 100G","locations":{"VIC":{"price":5,"discountRate":41,"promo":"","orgPrice":8.5}},"categoryIds":["c-pantry","c-drinks"],"similarProductIds":[]},{"id":"maggi-recipe-mix-vegetable-sensations-creamy-potato-garlic-bake","name":"Dry Recipe Base Gluten Free Creamy Cheese & Garlic Potato Bake","brand":"Maggi","imageUrls":["https://shop.coles.com.au/wcsstore/Coles-CAS/images/5/5/4/5548200.jpg"],"storeId":"coles","packageSize":"23g","cupPrice":"$6.52 per 100G","locations":{"VIC":{"price":1.5,"discountRate":11,"promo":"Any 3 $3.99","orgPrice":1.5}},"categoryIds":["c-pantry"],"similarProductIds":[]},{"id":"vittoria-espressotoria-coffee-capsules","name":"Espressotoria Espresso Coffee Capsules 12 pack","brand":"Vittoria","imageUrls":["https://shop.coles.com.au/wcsstore/Coles-CAS/images/1/8/2/1825885.jpg"],"storeId":"coles","packageSize":"78g","cupPrice":"$7.50 per 100G","locations":{"VIC":{"price":5.85,"discountRate":30,"promo":"","orgPrice":8.399999999999999}},"categoryIds":["c-pantry","c-drinks"],"similarProductIds":[]},{"id":"lavazza--prontissimo-coffee-intenso","name":"Prontissimo Intenso Instant Coffee","brand":"Lavazza","imageUrls":["https://shop.coles.com.au/wcsstore/Coles-CAS/images/2/8/4/2840750.jpg"],"storeId":"coles","packageSize":"95g","cupPrice":"$6.32 per 100G","locations":{"VIC":{"price":6,"discountRate":40,"promo":"","orgPrice":10}},"categoryIds":["c-pantry","c-drinks"],"similarProductIds":[]},{"id":"continental-recipe-mix-chilli-con-carne","name":"Chilli Con Carne Recipe Base Serves 4","brand":"Continental","imageUrls":["https://shop.coles.com.au/wcsstore/Coles-CAS/images/9/4/7/9475958.jpg"],"storeId":"coles","packageSize":"40g","cupPrice":"$4.00 per 100G","locations":{"VIC":{"price":1.6,"discountRate":9,"promo":"Any 2 $2.90","orgPrice":1.6}},"categoryIds":["c-pantry"],"similarProductIds":[]},{"id":"kraft-macaroni-cheese","name":"Original Mac & Cheese Pasta 4 Serves","brand":"Kraft","imageUrls":["https://shop.coles.com.au/wcsstore/Coles-CAS/images/3/0/7/307193.jpg"],"storeId":"coles","packageSize":"205g","cupPrice":"$1.12 per 100G","locations":{"VIC":{"price":2.3,"discountRate":21,"promo":"","orgPrice":2.9}},"categoryIds":["c-pantry"],"similarProductIds":[]},{"id":"alfa-one-rice-bran-bbq-oil-spray","name":"Pure Rice Bran Oil BBQ Spray","brand":"Alfa One","imageUrls":["https://shop.coles.com.au/wcsstore/Coles-CAS/images/2/1/4/2143166.jpg"],"storeId":"coles","packageSize":"225g","cupPrice":"$1.78 per 100G","locations":{"VIC":{"price":4,"discountRate":22,"promo":"","orgPrice":5.1}},"categoryIds":["c-pantry","c-household"],"similarProductIds":[]},{"id":"nice-natural-nut-bar-chocolate","name":"Real Milk Chocolate Roasted Nut Bars 6 pack","brand":"Nice & Natural","imageUrls":["https://shop.coles.com.au/wcsstore/Coles-CAS/images/9/8/2/9827090.jpg"],"storeId":"coles","packageSize":"192g","cupPrice":"$2.08 per 100G","locations":{"VIC":{"price":4,"discountRate":25,"promo":"Any 2 $6","orgPrice":4}},"categoryIds":["c-pantry"],"similarProductIds":[]},{"id":"nice-natural-nut-bar-almond-nut-choc-6-pack","name":"Chocolate Almond Nut Bars 6 pack","brand":"Nice & Natural","imageUrls":["https://shop.coles.com.au/wcsstore/Coles-CAS/images/8/2/2/8221386.jpg"],"storeId":"coles","packageSize":"180g","cupPrice":"$2.22 per 100G","locations":{"VIC":{"price":4,"discountRate":25,"promo":"Any 2 $6","orgPrice":4}},"categoryIds":["c-pantry"],"similarProductIds":[]},{"id":"fantastic-noodles-bowl-chicken","name":"Chicken Noodles Bowl","brand":"Fantastic","imageUrls":["https://shop.coles.com.au/wcsstore/Coles-CAS/images/6/9/9/6992421.jpg"],"storeId":"coles","packageSize":"85g","cupPrice":"$0.94 per 100G","locations":{"VIC":{"price":0.8,"discountRate":50,"promo":"","orgPrice":1.6}},"categoryIds":["c-pantry"],"similarProductIds":[]},{"id":"fantastic-noodles-cup-chicken","name":"Chicken Noodle Cup","brand":"Fantastic","imageUrls":["https://shop.coles.com.au/wcsstore/Coles-CAS/images/5/5/8/5588840.jpg"],"storeId":"coles","packageSize":"70g","cupPrice":"$1.14 per 100G","locations":{"VIC":{"price":0.8,"discountRate":50,"promo":"","orgPrice":1.6}},"categoryIds":["c-pantry"],"similarProductIds":[]},{"id":"nice-natural-nut-bar-yoghurt-6-pack","name":"Yoghurt Roasted Nut Bars 6 pack","brand":"Nice & Natural","imageUrls":["https://shop.coles.com.au/wcsstore/Coles-CAS/images/4/1/6/4167303.jpg"],"storeId":"coles","packageSize":"192g","cupPrice":"$2.08 per 100G","locations":{"VIC":{"price":4,"discountRate":25,"promo":"Any 2 $6","orgPrice":4}},"categoryIds":["c-pantry"],"similarProductIds":[]},{"id":"john-west-tempters-tuna-in-olive-oil","name":"Tempters Tuna in Olive Oil","brand":"John West","imageUrls":["https://shop.coles.com.au/wcsstore/Coles-CAS/images/5/5/5/5558736.jpg"],"storeId":"coles","packageSize":"95g","cupPrice":"$12.11 per 1Kg","locations":{"VIC":{"price":1.15,"discountRate":50,"promo":"","orgPrice":2.3}},"categoryIds":["c-pantry"],"similarProductIds":[]},{"id":"uncle-tobys-oats-porridge-traditional-254971p","name":"Traditional Porridge Oats","brand":"Uncle Tobys","imageUrls":["https://shop.coles.com.au/wcsstore/Coles-CAS/images/2/5/4/254971.jpg"],"storeId":"coles","packageSize":"1kg","cupPrice":"$0.40 per 100G","locations":{"VIC":{"price":4,"discountRate":0,"promo":"","orgPrice":4}},"categoryIds":["c-pantry"],"similarProductIds":[]},{"id":"uncle-tobys-oats-quick-porridge-152009p","name":"Quick Oats Porridge","brand":"Uncle Tobys","imageUrls":["https://shop.coles.com.au/wcsstore/Coles-CAS/images/1/5/2/152009.jpg"],"storeId":"coles","packageSize":"1kg","cupPrice":"$0.40 per 100G","locations":{"VIC":{"price":4,"discountRate":0,"promo":"","orgPrice":4}},"categoryIds":["c-pantry"],"similarProductIds":[]},{"id":"john-west-tempters-tuna-chunky-in-springwater","name":"Tempters Tuna Chunks in Springwater","brand":"John West","imageUrls":["https://shop.coles.com.au/wcsstore/Coles-CAS/images/7/5/3/7532777.jpg"],"storeId":"coles","packageSize":"95g","cupPrice":"$12.11 per 1Kg","locations":{"VIC":{"price":1.15,"discountRate":50,"promo":"","orgPrice":2.3}},"categoryIds":["c-pantry"],"similarProductIds":[]},{"id":"kelloggs-cereal-nutri-grain","name":"Nutri-Grain Protein Breakfast Cereal","brand":"Kellogg's","imageUrls":["https://shop.coles.com.au/wcsstore/Coles-CAS/images/8/4/9/8495790.jpg"],"storeId":"coles","packageSize":"500g","cupPrice":"$0.67 per 100G","locations":{"VIC":{"price":3.37,"discountRate":50,"promo":"","orgPrice":6.75}},"categoryIds":["c-pantry"],"similarProductIds":[]},{"id":"healthy-baker-flour-plain","name":"Flour Plain","brand":"Healthy Baker","imageUrls":["https://shop.coles.com.au/wcsstore/Coles-CAS/images/6/4/8/6480918.jpg"],"storeId":"coles","packageSize":"1kg","cupPrice":"$2.50 per 1Kg","locations":{"VIC":{"price":2.5,"discountRate":17,"promo":"","orgPrice":3}},"categoryIds":["c-pantry"],"similarProductIds":[]},{"id":"edgell-chickpeas-9701489p","name":"Chickpeas","brand":"Edgell","imageUrls":["https://shop.coles.com.au/wcsstore/Coles-CAS/images/9/7/0/9701489.jpg"],"storeId":"coles","packageSize":"400g","cupPrice":"$2.50 per 1Kg","locations":{"VIC":{"price":1,"discountRate":33,"promo":"","orgPrice":1.5}},"categoryIds":["c-pantry"],"similarProductIds":[]},{"id":"edgell-black-beans","name":"Black Beans","brand":"Edgell","imageUrls":["https://shop.coles.com.au/wcsstore/Coles-CAS/images/2/6/1/2612766.jpg"],"storeId":"coles","packageSize":"400g","cupPrice":"$2.50 per 1Kg","locations":{"VIC":{"price":1,"discountRate":33,"promo":"","orgPrice":1.5}},"categoryIds":["c-pantry"],"similarProductIds":[]},{"id":"kelloggs-cereal-special-k","name":"Special K Original Breakfast Cereal with Grain Based Protein","brand":"Kellogg's","imageUrls":["https://shop.coles.com.au/wcsstore/Coles-CAS/images/8/4/9/8495891.jpg"],"storeId":"coles","packageSize":"535g","cupPrice":"$0.71 per 100G","locations":{"VIC":{"price":3.82,"discountRate":50,"promo":"","orgPrice":7.65}},"categoryIds":["c-pantry"],"similarProductIds":[]},{"id":"john-west-tempters-tuna-onion-tomato-savoury-sauce","name":"Tempters Tuna Onion & Tomato Savoury Sauce","brand":"John West","imageUrls":["https://shop.coles.com.au/wcsstore/Coles-CAS/images/3/8/4/384718.jpg"],"storeId":"coles","packageSize":"95g","cupPrice":"$12.11 per 1Kg","locations":{"VIC":{"price":1.15,"discountRate":50,"promo":"","orgPrice":2.3}},"categoryIds":["c-pantry"],"similarProductIds":[]},{"id":"sacla-pesto-classic","name":"Genovese Sauce Classic Pesto","brand":"Sacla","imageUrls":["https://shop.coles.com.au/wcsstore/Coles-CAS/images/4/4/8/448082.jpg"],"storeId":"coles","packageSize":"190g","cupPrice":"$2.00 per 100G","locations":{"VIC":{"price":3.8,"discountRate":22,"promo":"","orgPrice":4.9}},"categoryIds":["c-pantry"],"similarProductIds":[]},{"id":"john-west-tempters-tuna-chilli","name":"Tempters Chilli Tuna","brand":"John West","imageUrls":["https://shop.coles.com.au/wcsstore/Coles-CAS/images/6/0/4/6044009.jpg"],"storeId":"coles","packageSize":"95g","cupPrice":"$12.11 per 1Kg","locations":{"VIC":{"price":1.15,"discountRate":50,"promo":"","orgPrice":2.3}},"categoryIds":["c-pantry"],"similarProductIds":[]},{"id":"kewpie-mayonnaise-4604984p","name":"Mayonnaise","brand":"Kewpie","imageUrls":["https://shop.coles.com.au/wcsstore/Coles-CAS/images/4/6/0/4604984.jpg"],"storeId":"coles","packageSize":"300g","cupPrice":"$1.25 per 100G","locations":{"VIC":{"price":3.75,"discountRate":20,"promo":"","orgPrice":4.7}},"categoryIds":["c-pantry","c-international-foods"],"similarProductIds":[]},{"id":"cadbury-bars-twirl-caramilk","name":"Twirl Caramilk Bars","brand":"Cadbury","imageUrls":["https://shop.coles.com.au/wcsstore/Coles-CAS/images/3/6/9/3698621.jpg"],"storeId":"coles","packageSize":"39g","cupPrice":"$2.18 per 100G","locations":{"VIC":{"price":0.85,"discountRate":58,"promo":"","orgPrice":2}},"categoryIds":["c-pantry"],"similarProductIds":[]},{"id":"mayvers-smooth-peanut-butter","name":"Peanut Butter Smooth","brand":"Mayver's","imageUrls":["https://shop.coles.com.au/wcsstore/Coles-CAS/images/2/6/2/2621643.jpg"],"storeId":"coles","packageSize":"375g","cupPrice":"$1.07 per 100G","locations":{"VIC":{"price":4,"discountRate":20,"promo":"","orgPrice":5}},"categoryIds":["c-pantry"],"similarProductIds":[]},{"id":"green-blacks-velvet-block-dark","name":"Cocoa Smooth Dark Chocolate","brand":"Green & Black's","imageUrls":["https://shop.coles.com.au/wcsstore/Coles-CAS/images/3/4/6/3466207.jpg"],"storeId":"coles","packageSize":"90g","cupPrice":"$3.33 per 100G","locations":{"VIC":{"price":3,"discountRate":29,"promo":"","orgPrice":4.25}},"categoryIds":["c-pantry"],"similarProductIds":[]},{"id":"arnotts-biscuits-gingernut","name":"Gingernut Biscuits","brand":"Arnott's","imageUrls":["https://shop.coles.com.au/wcsstore/Coles-CAS/images/6/0/4/6047040.jpg"],"storeId":"coles","packageSize":"250g","cupPrice":"$0.72 per 100G","locations":{"VIC":{"price":1.8,"discountRate":22,"promo":"","orgPrice":2.3}},"categoryIds":["c-pantry"],"similarProductIds":[]},{"id":"cadbury-dairy-milk-chocolate-roll-pack","name":"Dairy Milk Chocolate Roll Pack","brand":"Cadbury","imageUrls":["https://shop.coles.com.au/wcsstore/Coles-CAS/images/5/0/7/5072676.jpg"],"storeId":"coles","packageSize":"55g","cupPrice":"$1.55 per 100G","locations":{"VIC":{"price":0.85,"discountRate":58,"promo":"","orgPrice":2}},"categoryIds":["c-pantry"],"similarProductIds":[]},{"id":"carmans-dark-choc-and-cranberry-gourmet-and-protein-bars-5-pack","name":"Dark Choc & Cranberry Gourmet Protein Bar 5 pack","brand":"Carman's","imageUrls":["https://shop.coles.com.au/wcsstore/Coles-CAS/images/2/1/2/2129482.jpg"],"storeId":"coles","packageSize":"200g","cupPrice":"$1.58 per 100G","locations":{"VIC":{"price":3.15,"discountRate":50,"promo":"","orgPrice":6.3}},"categoryIds":["c-pantry"],"similarProductIds":[]},{"id":"edgell-beans-four-bean-mix","name":"4 Bean Mix","brand":"Edgell","imageUrls":["https://shop.coles.com.au/wcsstore/Coles-CAS/images/1/3/7/137945.jpg"],"storeId":"coles","packageSize":"400g","cupPrice":"$2.50 per 1Kg","locations":{"VIC":{"price":1,"discountRate":33,"promo":"","orgPrice":1.5}},"categoryIds":["c-pantry"],"similarProductIds":[]},{"id":"edgell-corn-kernels-132045p","name":"Corn Kernels","brand":"Edgell","imageUrls":["https://shop.coles.com.au/wcsstore/Coles-CAS/images/1/3/2/132045.jpg"],"storeId":"coles","packageSize":"420g","cupPrice":"$2.38 per 1Kg","locations":{"VIC":{"price":1,"discountRate":33,"promo":"","orgPrice":1.5}},"categoryIds":["c-pantry"],"similarProductIds":[]},{"id":"john-west-tempters-tuna-natural-smoke-flavour","name":"Tempters Natural Smoke Flavour Tuna","brand":"John West","imageUrls":["https://shop.coles.com.au/wcsstore/Coles-CAS/images/9/6/5/9658663.jpg"],"storeId":"coles","packageSize":"95g","cupPrice":"$12.11 per 1Kg","locations":{"VIC":{"price":1.15,"discountRate":50,"promo":"","orgPrice":2.3}},"categoryIds":["c-pantry"],"similarProductIds":[]},{"id":"kewpie-japanese-roasted-sesame-dressing","name":"Roasted Sesame","brand":"Kewpie Japanese Dressing","imageUrls":["https://shop.coles.com.au/wcsstore/Coles-CAS/images/2/0/0/2000544.jpg"],"storeId":"coles","packageSize":"210mL","cupPrice":"$1.74 per 100mL","locations":{"VIC":{"price":3.65,"discountRate":21,"promo":"","orgPrice":4.6}},"categoryIds":["c-pantry","c-international-foods"],"similarProductIds":[]},{"id":"mayvers-crunchy-peanut-butter","name":"Peanut Butter Crunchy","brand":"Mayver's","imageUrls":["https://shop.coles.com.au/wcsstore/Coles-CAS/images/2/6/2/2621632.jpg"],"storeId":"coles","packageSize":"375g","cupPrice":"$1.07 per 100G","locations":{"VIC":{"price":4,"discountRate":20,"promo":"","orgPrice":5}},"categoryIds":["c-pantry"],"similarProductIds":[]},{"id":"carmans-greek-yoghurt-berry-protein-bars","name":"Greek Style Yoghurt & Berry Gourmet Protein Bars 5 pack","brand":"Carman's","imageUrls":["https://shop.coles.com.au/wcsstore/Coles-CAS/images/2/3/9/2392513.jpg"],"storeId":"coles","packageSize":"200g","cupPrice":"$1.58 per 100G","locations":{"VIC":{"price":3.15,"discountRate":50,"promo":"","orgPrice":6.3}},"categoryIds":["c-pantry"],"similarProductIds":[]},{"id":"john-west-tempters-tuna-oven-dried-tomato-basil","name":"Tempters Oven Dried Tomato & Basil Tuna","brand":"John West","imageUrls":["https://shop.coles.com.au/wcsstore/Coles-CAS/images/6/0/4/6041124.jpg"],"storeId":"coles","packageSize":"95g","cupPrice":"$12.11 per 1Kg","locations":{"VIC":{"price":1.15,"discountRate":50,"promo":"","orgPrice":2.3}},"categoryIds":["c-pantry"],"similarProductIds":[]},{"id":"john-west-tempters-jalapeno-tuna","name":"Tempters Tuna & Tangy Jalapenos","brand":"John West","imageUrls":["https://shop.coles.com.au/wcsstore/Coles-CAS/images/2/6/6/2667972.jpg"],"storeId":"coles","packageSize":"95g","cupPrice":"$12.11 per 1Kg","locations":{"VIC":{"price":1.15,"discountRate":50,"promo":"","orgPrice":2.3}},"categoryIds":["c-pantry"],"similarProductIds":[]},{"id":"john-west-tempters-tuna-enchilada","name":"Tempters Enchilada Tuna","brand":"John West","imageUrls":["https://shop.coles.com.au/wcsstore/Coles-CAS/images/3/2/0/3209827.jpg"],"storeId":"coles","packageSize":"90g","cupPrice":"$1.28 per 100G","locations":{"VIC":{"price":1.15,"discountRate":50,"promo":"","orgPrice":2.3}},"categoryIds":["c-pantry"],"similarProductIds":[]},{"id":"peckish-fancies-rice-cracker-onion-balsam","name":"Gluten Free Fancies Caramelised Onion & Balsamic Vinegar Rice Crackers","brand":"Peckish","imageUrls":["https://shop.coles.com.au/wcsstore/Coles-CAS/images/3/4/6/3468530.jpg"],"storeId":"coles","packageSize":"90g","cupPrice":"$1.56 per 100G","locations":{"VIC":{"price":1.4,"discountRate":50,"promo":"","orgPrice":2.8}},"categoryIds":["c-pantry"],"similarProductIds":[]},{"id":"san-remo-cous-cous","name":"CousCous","brand":"San Remo","imageUrls":["https://shop.coles.com.au/wcsstore/Coles-CAS/images/6/0/7/6079397.jpg"],"storeId":"coles","packageSize":"500g","cupPrice":"$0.40 per 100G","locations":{"VIC":{"price":2,"discountRate":29,"promo":"","orgPrice":2.8}},"categoryIds":["c-pantry"],"similarProductIds":[]},{"id":"taylors-harrogates-tea-yorkshire-100-pack","name":"Yorkshire Black Tea Bags 100 pack","brand":"Taylors of Harrogate","imageUrls":["https://shop.coles.com.au/wcsstore/Coles-CAS/images/1/4/1/1417368.jpg"],"storeId":"coles","packageSize":"220g","cupPrice":"$2.05 per 100G","locations":{"VIC":{"price":4.5,"discountRate":10,"promo":"","orgPrice":5}},"categoryIds":["c-pantry","c-drinks"],"similarProductIds":[]},{"id":"csr-sugar-icing-pure","name":"Pure Icing Sugar","brand":"CSR","imageUrls":["https://shop.coles.com.au/wcsstore/Coles-CAS/images/5/5/8/5583074.jpg"],"storeId":"coles","packageSize":"500g","cupPrice":"$0.30 per 100G","locations":{"VIC":{"price":1.5,"discountRate":19,"promo":"","orgPrice":1.85}},"categoryIds":["c-pantry"],"similarProductIds":[]},{"id":"carmans-coconut-yoghurt-roasted-nut-gourmet-protein","name":"Coconut Yoghurt & Roasted Nut Gourmet Protein Bars 5 pack","brand":"Carman's","imageUrls":["https://shop.coles.com.au/wcsstore/Coles-CAS/images/2/7/9/2795542.jpg"],"storeId":"coles","packageSize":"200g","cupPrice":"$1.58 per 100G","locations":{"VIC":{"price":3.15,"discountRate":50,"promo":"","orgPrice":6.3}},"categoryIds":["c-pantry"],"similarProductIds":[]},{"id":"san-remo-pasta-penne-gluten-free","name":"Gluten Free Penne Pasta","brand":"San Remo","imageUrls":["https://shop.coles.com.au/wcsstore/Coles-CAS/images/4/2/7/4275634.jpg"],"storeId":"coles","packageSize":"350g","cupPrice":"$1.00 per 100G","locations":{"VIC":{"price":3.5,"discountRate":17,"promo":"","orgPrice":4.2}},"categoryIds":["c-pantry"],"similarProductIds":[]},{"id":"uncle-tobys-oats-quick-sachets-10-pack","name":"Original Oats Quick Sachets 10 pack","brand":"Uncle Tobys","imageUrls":["https://shop.coles.com.au/wcsstore/Coles-CAS/images/9/7/2/9720268.jpg"],"storeId":"coles","packageSize":"340g","cupPrice":"$0.88 per 100G","locations":{"VIC":{"price":3,"discountRate":38,"promo":"","orgPrice":4.8}},"categoryIds":["c-pantry"],"similarProductIds":[]},{"id":"cadbury-old-gold-block-caramel","name":"Old Gold Block Caramel Chocolate","brand":"Cadbury","imageUrls":["https://shop.coles.com.au/wcsstore/Coles-CAS/images/3/7/6/3761193.jpg"],"storeId":"coles","packageSize":"180g","cupPrice":"$1.94 per 100G","locations":{"VIC":{"price":3.5,"discountRate":30,"promo":"","orgPrice":5}},"categoryIds":["c-pantry"],"similarProductIds":[]},{"id":"carmans-nut-bars--almond-hazel-vanilla","name":"Almond Hazelnut & Vanilla Nut Bar 5 pack","brand":"Carman's","imageUrls":["https://shop.coles.com.au/wcsstore/Coles-CAS/images/1/0/1/1018373.jpg"],"storeId":"coles","packageSize":"175g","cupPrice":"$1.71 per 100G","locations":{"VIC":{"price":3,"discountRate":50,"promo":"","orgPrice":6}},"categoryIds":["c-pantry"],"similarProductIds":[]},{"id":"carmans-muesli-bars-classic-fruit-6-pack","name":"Classic Fruit & Nut Muesli Bars 6 pack","brand":"Carman's","imageUrls":["https://shop.coles.com.au/wcsstore/Coles-CAS/images/9/4/6/9460520.jpg"],"storeId":"coles","packageSize":"270g","cupPrice":"$1.11 per 100G","locations":{"VIC":{"price":3,"discountRate":50,"promo":"","orgPrice":6}},"categoryIds":["c-pantry"],"similarProductIds":[]},{"id":"healthy-baker-flour-self-raising","name":"Flour Self Raising","brand":"Healthy Baker","imageUrls":["https://shop.coles.com.au/wcsstore/Coles-CAS/images/6/4/8/6481058.jpg"],"storeId":"coles","packageSize":"1kg","cupPrice":"$2.50 per 1Kg","locations":{"VIC":{"price":2.5,"discountRate":17,"promo":"","orgPrice":3}},"categoryIds":["c-pantry"],"similarProductIds":[]},{"id":"john-west-mussels-galician","name":"Spanish Mussels Galician Sauce","brand":"John West","imageUrls":["https://shop.coles.com.au/wcsstore/Coles-CAS/images/3/1/1/3114662.jpg"],"storeId":"coles","packageSize":"110g","cupPrice":"$27.27 per 1Kg","locations":{"VIC":{"price":3,"discountRate":25,"promo":"","orgPrice":4}},"categoryIds":["c-pantry"],"similarProductIds":[]},{"id":"kelloggs-cereal-all-bran","name":"All-Bran Original High Fibre Breakfast Cereal","brand":"Kellogg's","imageUrls":["https://shop.coles.com.au/wcsstore/Coles-CAS/images/8/4/9/8491915.jpg"],"storeId":"coles","packageSize":"530g","cupPrice":"$0.74 per 100G","locations":{"VIC":{"price":3.9,"discountRate":26,"promo":"","orgPrice":5.25}},"categoryIds":["c-pantry"],"similarProductIds":[]},{"id":"peckish-fancies-rice-cracker-cheese-chive","name":"Gluten Free Fancies Aged Cheddar & Chives Flavoured Rice Crackers","brand":"Peckish","imageUrls":["https://shop.coles.com.au/wcsstore/Coles-CAS/images/3/4/6/3468508.jpg"],"storeId":"coles","packageSize":"90g","cupPrice":"$1.56 per 100G","locations":{"VIC":{"price":1.4,"discountRate":50,"promo":"","orgPrice":2.8}},"categoryIds":["c-pantry"],"similarProductIds":[]},{"id":"sacla-basil-pesto-fre-from","name":"Basil Pesto Free From","brand":"Sacla","imageUrls":["https://shop.coles.com.au/wcsstore/Coles-CAS/images/3/5/9/3593339.jpg"],"storeId":"coles","packageSize":"190g","cupPrice":"$2.00 per 100G","locations":{"VIC":{"price":3.8,"discountRate":22,"promo":"","orgPrice":4.9}},"categoryIds":["c-pantry"],"similarProductIds":[]},{"id":"san-remo-pasta-spaghetti-gluten-free","name":"Gluten Free Spaghetti","brand":"San Remo","imageUrls":["https://shop.coles.com.au/wcsstore/Coles-CAS/images/4/2/7/4275543.jpg"],"storeId":"coles","packageSize":"350g","cupPrice":"$1.00 per 100G","locations":{"VIC":{"price":3.5,"discountRate":17,"promo":"","orgPrice":4.2}},"categoryIds":["c-pantry"],"similarProductIds":[]},{"id":"sunbeam-sultanas","name":"Sultanas Snack 6 Pack","brand":"Sunbeam","imageUrls":["https://shop.coles.com.au/wcsstore/Coles-CAS/images/1/4/5/145604.jpg"],"storeId":"coles","packageSize":"240g","cupPrice":"$10.00 per 1Kg","locations":{"VIC":{"price":2.4,"discountRate":0,"promo":"","orgPrice":2.4}},"categoryIds":["c-pantry"],"similarProductIds":[]},{"id":"table-of-plenty-mini-rice-cakes-triple-berry-yoghurt","name":"Mini Rice Cakes Triple Berry Yoghurt","brand":"Table Of Plenty","imageUrls":["https://shop.coles.com.au/wcsstore/Coles-CAS/images/8/2/1/8215791.jpg"],"storeId":"coles","packageSize":"60g","cupPrice":"$4.75 per 100G","locations":{"VIC":{"price":2.85,"discountRate":21,"promo":"","orgPrice":3.6}},"categoryIds":["c-pantry","c-healthy-living"],"similarProductIds":[]},{"id":"baxters-classic-tomato-chutney","name":"Classic Tomato Chutney","brand":"Baxters","imageUrls":["https://shop.coles.com.au/wcsstore/Coles-CAS/images/2/4/2/2426047.jpg"],"storeId":"coles","packageSize":"225g","cupPrice":"$1.47 per 100G","locations":{"VIC":{"price":3.3,"discountRate":23,"promo":"","orgPrice":4.3}},"categoryIds":["c-pantry"],"similarProductIds":[]},{"id":"cadbury-time-out-chocolate-bar","name":"Time Out Chocolate Bar","brand":"Cadbury","imageUrls":["https://shop.coles.com.au/wcsstore/Coles-CAS/images/8/6/8/86866.jpg"],"storeId":"coles","packageSize":"40g","cupPrice":"$2.13 per 100G","locations":{"VIC":{"price":0.85,"discountRate":58,"promo":"","orgPrice":2}},"categoryIds":["c-pantry"],"similarProductIds":[]},{"id":"cadbury-old-gold-block-cherry-ripe","name":"Old Gold Block Cherry Ripe","brand":"Cadbury","imageUrls":["https://shop.coles.com.au/wcsstore/Coles-CAS/images/3/7/6/3761182.jpg"],"storeId":"coles","packageSize":"180g","cupPrice":"$1.94 per 100G","locations":{"VIC":{"price":3.5,"discountRate":30,"promo":"","orgPrice":5}},"categoryIds":["c-pantry"],"similarProductIds":[]},{"id":"carmans-golden-oats-coconut-oat-slice","name":"Golden Oats & Coconut Oat Slice","brand":"Carman's","imageUrls":["https://shop.coles.com.au/wcsstore/Coles-CAS/images/2/3/9/2392488.jpg"],"storeId":"coles","packageSize":"210g","cupPrice":"$1.43 per 100G","locations":{"VIC":{"price":3,"discountRate":50,"promo":"","orgPrice":6}},"categoryIds":["c-pantry"],"similarProductIds":[]},{"id":"changs-noodles-rice-vermicelli","name":"Vermicelli Rice Noodles","brand":"Chang's","imageUrls":["https://shop.coles.com.au/wcsstore/Coles-CAS/images/5/6/0/5609484.jpg"],"storeId":"coles","packageSize":"250g","cupPrice":"$0.64 per 100G","locations":{"VIC":{"price":1.6,"discountRate":20,"promo":"","orgPrice":2}},"categoryIds":["c-pantry"],"similarProductIds":[]},{"id":"changs-noodles-rice-pad-thai","name":"Pad Thai Style Rice Noodles","brand":"Chang's","imageUrls":["https://shop.coles.com.au/wcsstore/Coles-CAS/images/5/2/4/5249753.jpg"],"storeId":"coles","packageSize":"250g","cupPrice":"$0.62 per 100G","locations":{"VIC":{"price":1.55,"discountRate":23,"promo":"","orgPrice":2}},"categoryIds":["c-pantry"],"similarProductIds":[]},{"id":"dolmio-extra-pasta-sauce-garden-vegetables","name":"Extra Garden Vegetables Pasta Sauce","brand":"Dolmio","imageUrls":["https://shop.coles.com.au/wcsstore/Coles-CAS/images/1/2/7/1274410.jpg"],"storeId":"coles","packageSize":"500g","cupPrice":"$0.50 per 100G","locations":{"VIC":{"price":2.5,"discountRate":24,"promo":"","orgPrice":3.29}},"categoryIds":["c-pantry"],"similarProductIds":[]},{"id":"green-blacks-velvet-block-salted-caramel","name":"Salted Caramel Smooth Dark Chocolate","brand":"Green & Black's","imageUrls":["https://shop.coles.com.au/wcsstore/Coles-CAS/images/3/4/6/3466193.jpg"],"storeId":"coles","packageSize":"90g","cupPrice":"$3.33 per 100G","locations":{"VIC":{"price":3,"discountRate":29,"promo":"","orgPrice":4.25}},"categoryIds":["c-pantry"],"similarProductIds":[]},{"id":"green-blacks-velvet-block-mint","name":"Mint Smooth Dark Chocolate","brand":"Green & Black's","imageUrls":["https://shop.coles.com.au/wcsstore/Coles-CAS/images/3/4/6/3466182.jpg"],"storeId":"coles","packageSize":"90g","cupPrice":"$3.33 per 100G","locations":{"VIC":{"price":3,"discountRate":29,"promo":"","orgPrice":4.25}},"categoryIds":["c-pantry"],"similarProductIds":[]},{"id":"john-west-tempters-tuna-zesty-vinaigrette","name":"Tempters Zesty Vinaigrette Tuna","brand":"John West","imageUrls":["https://shop.coles.com.au/wcsstore/Coles-CAS/images/6/0/4/6044097.jpg"],"storeId":"coles","packageSize":"95g","cupPrice":"$12.11 per 1Kg","locations":{"VIC":{"price":1.15,"discountRate":50,"promo":"","orgPrice":2.3}},"categoryIds":["c-pantry"],"similarProductIds":[]},{"id":"john-west-tempters-tuna-lemon-cracked-pepper","name":"Tempters Lemon & Cracked Pepper Tuna","brand":"John West","imageUrls":["https://shop.coles.com.au/wcsstore/Coles-CAS/images/6/0/4/6041113.jpg"],"storeId":"coles","packageSize":"95g","cupPrice":"$12.11 per 1Kg","locations":{"VIC":{"price":1.15,"discountRate":50,"promo":"","orgPrice":2.3}},"categoryIds":["c-pantry"],"similarProductIds":[]},{"id":"john-west-mussels-escabeche","name":"Spanish Mussels Escabeche Sauce","brand":"John West","imageUrls":["https://shop.coles.com.au/wcsstore/Coles-CAS/images/3/1/1/3114651.jpg"],"storeId":"coles","packageSize":"110g","cupPrice":"$27.27 per 1Kg","locations":{"VIC":{"price":3,"discountRate":25,"promo":"","orgPrice":4}},"categoryIds":["c-pantry"],"similarProductIds":[]},{"id":"la-espanola-extra-virgin-olive-oil","name":"Extra Virgin Olive Oil","brand":"La Espanola","imageUrls":["https://shop.coles.com.au/wcsstore/Coles-CAS/images/6/5/4/6542902.jpg"],"storeId":"coles","packageSize":"4L","cupPrice":"$0.60 per 100mL","locations":{"VIC":{"price":24,"discountRate":0,"promo":"","orgPrice":24}},"categoryIds":["c-pantry"],"similarProductIds":[]},{"id":"mayvers--crunchy-dark-roast-peanut-butter","name":"Dark Roast Peanut Butter Crunchy","brand":"Mayver's","imageUrls":["https://shop.coles.com.au/wcsstore/Coles-CAS/images/2/6/2/2622001.jpg"],"storeId":"coles","packageSize":"375g","cupPrice":"$1.07 per 100G","locations":{"VIC":{"price":4,"discountRate":20,"promo":"","orgPrice":5}},"categoryIds":["c-pantry"],"similarProductIds":[]},{"id":"passage-to-india-sauce-tikka-marsala-simmer","name":"Passage To India Tikka Masala Simmer Sauce Pouch","brand":"Passage Foods","imageUrls":["https://shop.coles.com.au/wcsstore/Coles-CAS/images/4/6/9/4699030.jpg"],"storeId":"coles","packageSize":"375g","cupPrice":"$0.87 per 100G","locations":{"VIC":{"price":3.25,"discountRate":31,"promo":"","orgPrice":4.7}},"categoryIds":["c-pantry","c-international-foods"],"similarProductIds":[]},{"id":"passage-to-india-sauce-butter-chicken-simmer","name":"Passage To India Butter Chicken Simmer Sauce Pouch","brand":"Passage Foods","imageUrls":["https://shop.coles.com.au/wcsstore/Coles-CAS/images/9/7/8/9781499.jpg"],"storeId":"coles","packageSize":"375g","cupPrice":"$0.87 per 100G","locations":{"VIC":{"price":3.25,"discountRate":31,"promo":"","orgPrice":4.7}},"categoryIds":["c-pantry","c-international-foods"],"similarProductIds":[]},{"id":"san-remo-pasta-spirals-gluten-free","name":"Gluten Free Spirals Pasta","brand":"San Remo","imageUrls":["https://shop.coles.com.au/wcsstore/Coles-CAS/images/4/2/7/4275510.jpg"],"storeId":"coles","packageSize":"350g","cupPrice":"$1.00 per 100G","locations":{"VIC":{"price":3.5,"discountRate":17,"promo":"","orgPrice":4.2}},"categoryIds":["c-pantry"],"similarProductIds":[]},{"id":"uncle-tobys-cereal-vita-brits","name":"Vita Brits Cereal","brand":"Uncle Tobys","imageUrls":["https://shop.coles.com.au/wcsstore/Coles-CAS/images/1/3/3/133015.jpg"],"storeId":"coles","packageSize":"1kg","cupPrice":"$0.50 per 100G","locations":{"VIC":{"price":5,"discountRate":20,"promo":"2 for $8","orgPrice":5}},"categoryIds":["c-pantry"],"similarProductIds":[]},{"id":"ajishima-miso-bean-soybean-soup-mix-2-pack","name":"Freeze Dried Miso Soup With Bean Curd","brand":"Ajishima","imageUrls":["https://shop.coles.com.au/wcsstore/Coles-CAS/images/2/0/0/2005388.jpg"],"storeId":"coles","packageSize":"12g","cupPrice":"$2.00 per 10G","locations":{"VIC":{"price":2.4,"discountRate":33,"promo":"Any 2 $3.20","orgPrice":2.4}},"categoryIds":["c-pantry","c-international-foods"],"similarProductIds":[]},{"id":"cadbury-boost-chocolate-bar","name":"Boost Chocolate Bar","brand":"Cadbury","imageUrls":["https://shop.coles.com.au/wcsstore/Coles-CAS/images/4/4/2/4425023.jpg"],"storeId":"coles","packageSize":"60g","cupPrice":"$1.42 per 100G","locations":{"VIC":{"price":0.85,"discountRate":58,"promo":"","orgPrice":2}},"categoryIds":["c-pantry"],"similarProductIds":[]},{"id":"carmans-muesli-bars-original-fruit-free-6-pack","name":"Original Fruit Free Muesli Bars 6 pack","brand":"Carman's","imageUrls":["https://shop.coles.com.au/wcsstore/Coles-CAS/images/9/4/6/9460462.jpg"],"storeId":"coles","packageSize":"270g","cupPrice":"$1.11 per 100G","locations":{"VIC":{"price":3,"discountRate":50,"promo":"","orgPrice":6}},"categoryIds":["c-pantry"],"similarProductIds":[]},{"id":"carmans-salted-drk-choc-almnd","name":"Salted Dark Choc & Almond Gourmet Protein Bars 5 pack","brand":"Carman's","imageUrls":["https://shop.coles.com.au/wcsstore/Coles-CAS/images/3/0/2/3022961.jpg"],"storeId":"coles","packageSize":"200g","cupPrice":"$1.58 per 100G","locations":{"VIC":{"price":3.15,"discountRate":50,"promo":"","orgPrice":6.3}},"categoryIds":["c-pantry"],"similarProductIds":[]},{"id":"darrell-lea-bullets-white-choc-raspberry","name":"Bullets White Chocolate Raspberry","brand":"Darrell Lea","imageUrls":["https://shop.coles.com.au/wcsstore/Coles-CAS/images/3/4/4/3448373.jpg"],"storeId":"coles","packageSize":"200g","cupPrice":"$1.50 per 100G","locations":{"VIC":{"price":3,"discountRate":25,"promo":"","orgPrice":4}},"categoryIds":["c-pantry"],"similarProductIds":[]},{"id":"doona-hay-spelt-flour-pancake-real-vanilla-bean","name":"Spelt Flour Pancakes with Real Vanilla Bean Seeds","brand":"Donna Hay","imageUrls":["https://shop.coles.com.au/wcsstore/Coles-CAS/images/3/1/8/3186583.jpg"],"storeId":"coles","packageSize":"285g","cupPrice":"$1.77 per 100G","locations":{"VIC":{"price":5.05,"discountRate":15,"promo":"","orgPrice":5.95}},"categoryIds":["c-pantry"],"similarProductIds":[]},{"id":"green-blacks-block-choc-organic-milk","name":"Organic Milk Chocolate","brand":"Green & Blacks","imageUrls":["https://shop.coles.com.au/wcsstore/Coles-CAS/images/3/5/0/3506786.jpg"],"storeId":"coles","packageSize":"90g","cupPrice":"$3.33 per 100G","locations":{"VIC":{"price":3,"discountRate":29,"promo":"","orgPrice":4.25}},"categoryIds":["c-pantry"],"similarProductIds":[]},{"id":"greens-pancake-shaker-buttermilk","name":"Buttermilk Pancake Shake","brand":"Green's","imageUrls":["https://shop.coles.com.au/wcsstore/Coles-CAS/images/4/6/6/4663779.jpg"],"storeId":"coles","packageSize":"325g","cupPrice":"$0.68 per 100G","locations":{"VIC":{"price":2.2,"discountRate":24,"promo":"","orgPrice":2.9000000000000004}},"categoryIds":["c-pantry"],"similarProductIds":[]},{"id":"hoyts-sesame-seeds","name":"Sesame Seeds","brand":"Hoyts","imageUrls":["https://shop.coles.com.au/wcsstore/Coles-CAS/images/5/4/4/5448578.jpg"],"storeId":"coles","packageSize":"230g","cupPrice":"$0.17 per 10G","locations":{"VIC":{"price":4,"discountRate":10,"promo":"","orgPrice":4.45}},"categoryIds":["c-pantry"],"similarProductIds":[]},{"id":"john-west-tempters-tuna-sweet-chilli","name":"Tempters Sweet Chilli Tuna","brand":"John West","imageUrls":["https://shop.coles.com.au/wcsstore/Coles-CAS/images/8/5/8/8582395.jpg"],"storeId":"coles","packageSize":"95g","cupPrice":"$12.11 per 1Kg","locations":{"VIC":{"price":1.15,"discountRate":50,"promo":"","orgPrice":2.3}},"categoryIds":["c-pantry"],"similarProductIds":[]},{"id":"john-west-tempters-tuna-mayonnaise-corn","name":"Tempters Tuna Sweet Corn & Mayonnaise","brand":"John West","imageUrls":["https://shop.coles.com.au/wcsstore/Coles-CAS/images/6/6/5/6658510.jpg"],"storeId":"coles","packageSize":"95g","cupPrice":"$12.11 per 1Kg","locations":{"VIC":{"price":1.15,"discountRate":50,"promo":"","orgPrice":2.3}},"categoryIds":["c-pantry"],"similarProductIds":[]},{"id":"kewpie-sesame-soy-sauce-japanese-dressing","name":"Sesame Soy Sauce","brand":"Kewpie Japanese Dressing","imageUrls":["https://shop.coles.com.au/wcsstore/Coles-CAS/images/2/0/0/2000555.jpg"],"storeId":"coles","packageSize":"210mL","cupPrice":"$1.74 per 100mL","locations":{"VIC":{"price":3.65,"discountRate":21,"promo":"","orgPrice":4.6}},"categoryIds":["c-pantry","c-international-foods"],"similarProductIds":[]},{"id":"la-espanola-extra-virgin-olive-oil-3525995p","name":"Extra Virgin Olive Oil","brand":"La Espanola","imageUrls":["https://shop.coles.com.au/wcsstore/Coles-CAS/images/3/5/2/3525995.jpg"],"storeId":"coles","packageSize":"100mL","cupPrice":"$1.50 per 100mL","locations":{"VIC":{"price":1.5,"discountRate":50,"promo":"","orgPrice":3}},"categoryIds":["c-pantry"],"similarProductIds":[]},{"id":"laucke-flour-plain-bakers-wallaby","name":"Wallaby Bakers Plain Flour","brand":"Laucke","imageUrls":["https://shop.coles.com.au/wcsstore/Coles-CAS/images/4/4/1/4418990.jpg"],"storeId":"coles","packageSize":"5kg","cupPrice":"$2.37 per 1Kg","locations":{"VIC":{"price":11.85,"discountRate":10,"promo":"","orgPrice":13.2}},"categoryIds":["c-pantry"],"similarProductIds":[]},{"id":"nescafe-blend-43-decaf","name":"Blend 43 Decaf","brand":"Nescafe","imageUrls":["https://shop.coles.com.au/wcsstore/Coles-CAS/images/4/1/5/415174.jpg"],"storeId":"coles","packageSize":"100g","cupPrice":"$7.00 per 100G","locations":{"VIC":{"price":7,"discountRate":26,"promo":"","orgPrice":9.4}},"categoryIds":["c-pantry","c-drinks"],"similarProductIds":[]},{"id":"nestle-dark-choc-bits-cooking-chocolate","name":"Bakers' Choice Dark Chocolate Bits","brand":"Nestle","imageUrls":["https://shop.coles.com.au/wcsstore/Coles-CAS/images/2/9/9/299903.jpg"],"storeId":"coles","packageSize":"200g","cupPrice":"$1.50 per 100G","locations":{"VIC":{"price":3,"discountRate":24,"promo":"","orgPrice":3.95}},"categoryIds":["c-pantry"],"similarProductIds":[]},{"id":"oxfam-fair-fto-world-coffee-blend-ground","name":"Fair World Blend Organic Ground Coffee","brand":"Oxfam","imageUrls":["https://shop.coles.com.au/wcsstore/Coles-CAS/images/7/8/6/7865226.jpg"],"storeId":"coles","packageSize":"250g","cupPrice":"$2.80 per 100G","locations":{"VIC":{"price":7,"discountRate":22,"promo":"","orgPrice":9}},"categoryIds":["c-pantry","c-drinks"],"similarProductIds":[]},{"id":"passage-to-india-sauce-korma-curry-simmer","name":"Passage To India Korma Curry Simmer Sauce Pouch","brand":"Passage Foods","imageUrls":["https://shop.coles.com.au/wcsstore/Coles-CAS/images/9/7/8/9781580.jpg"],"storeId":"coles","packageSize":"375g","cupPrice":"$0.87 per 100G","locations":{"VIC":{"price":3.25,"discountRate":31,"promo":"","orgPrice":4.7}},"categoryIds":["c-pantry","c-international-foods"],"similarProductIds":[]},{"id":"spam-ham-classic","name":"Classic Ham","brand":"Spam","imageUrls":["https://shop.coles.com.au/wcsstore/Coles-CAS/images/1/1/8/118521.jpg"],"storeId":"coles","packageSize":"340g","cupPrice":"$11.76 per 1Kg","locations":{"VIC":{"price":4,"discountRate":27,"promo":"","orgPrice":5.5}},"categoryIds":["c-pantry"],"similarProductIds":[]},{"id":"starbucks-house-blend-lungo-capsules","name":"By Nespresso House Blend Lungo Capsules","brand":"Starbucks","imageUrls":["https://shop.coles.com.au/wcsstore/Coles-CAS/images/3/6/1/3613050.jpg"],"storeId":"coles","packageSize":"10 pack","cupPrice":"$0.50 per 1Ea","locations":{"VIC":{"price":5,"discountRate":28,"promo":"","orgPrice":6.9}},"categoryIds":["c-pantry","c-drinks"],"similarProductIds":[]},{"id":"starbucks-dark-espresso-roast-capsules","name":"By Nespresso Dark Espresso Roast Capsules","brand":"Starbucks","imageUrls":["https://shop.coles.com.au/wcsstore/Coles-CAS/images/3/6/1/3613072.jpg"],"storeId":"coles","packageSize":"10 pack","cupPrice":"$0.50 per 1Ea","locations":{"VIC":{"price":5,"discountRate":28,"promo":"","orgPrice":6.9}},"categoryIds":["c-pantry","c-drinks"],"similarProductIds":[]},{"id":"toblerone-milk-chocolate","name":"Milk Chocolate Gift Bar","brand":"Toblerone","imageUrls":["https://shop.coles.com.au/wcsstore/Coles-CAS/images/9/5/9/95914.jpg"],"storeId":"coles","packageSize":"200g","cupPrice":"$1.75 per 100G","locations":{"VIC":{"price":3.5,"discountRate":30,"promo":"","orgPrice":5}},"categoryIds":["c-pantry"],"similarProductIds":[]},{"id":"twinings-herbal-infusion-tea-bags-camomile--honey-vanilla","name":"Caffeine Free Camomile, Honey & Vanilla Flavoured Herbal Infusions Tea Bags 10 Serve","brand":"Twinings","imageUrls":["https://shop.coles.com.au/wcsstore/Coles-CAS/images/8/7/2/8729551.jpg"],"storeId":"coles","packageSize":"15g","cupPrice":"$13.33 per 100G","locations":{"VIC":{"price":2,"discountRate":26,"promo":"","orgPrice":2.7}},"categoryIds":["c-pantry","c-drinks"],"similarProductIds":[]},{"id":"twinings-herbal-infusion-peppermint-spearmint-tea-bags","name":"Peppermint & Spearmint Tea Bags 10 Pack","brand":"Twinings","imageUrls":["https://shop.coles.com.au/wcsstore/Coles-CAS/images/2/3/8/2380219.jpg"],"storeId":"coles","packageSize":"20g","cupPrice":"$10.00 per 100G","locations":{"VIC":{"price":2,"discountRate":26,"promo":"","orgPrice":2.7}},"categoryIds":["c-pantry","c-drinks"],"similarProductIds":[]},{"id":"uncle-bens-rice-medley","name":"Microwave Brown Red Wild Rice Medley","brand":"Uncle Ben's","imageUrls":["https://shop.coles.com.au/wcsstore/Coles-CAS/images/2/2/3/2236303.jpg"],"storeId":"coles","packageSize":"250g","cupPrice":"$1.08 per 100G","locations":{"VIC":{"price":2.7,"discountRate":7,"promo":"Any 2 $5","orgPrice":2.7}},"categoryIds":["c-pantry"],"similarProductIds":[]},{"id":"uncle-tobys-le-snak-tasty-cheese","name":"Le Snak Tasty Cheese 6 Pack","brand":"Uncle Tobys","imageUrls":["https://shop.coles.com.au/wcsstore/Coles-CAS/images/4/9/5/4954750.jpg"],"storeId":"coles","packageSize":"132g","cupPrice":"$1.78 per 100G","locations":{"VIC":{"price":2.35,"discountRate":0,"promo":"","orgPrice":2.35}},"categoryIds":["c-pantry"],"similarProductIds":[]},{"id":"ajishima-instant-miso-soup-fried-tofu-2-pack","name":"Japanese Instant Miso Soup Fried Tofu 2 Pack","brand":"Ajishima","imageUrls":["https://shop.coles.com.au/wcsstore/Coles-CAS/images/3/7/4/3741152.jpg"],"storeId":"coles","packageSize":"12g","cupPrice":"$21.67 per 100G","locations":{"VIC":{"price":2.6,"discountRate":38,"promo":"Any 2 $3.20","orgPrice":2.6}},"categoryIds":["c-pantry","c-international-foods"],"similarProductIds":[]},{"id":"cadbury-marvellous-creations-chocolate-jelly-popping-candy-beanies-9186065p","name":"Marvellous Creations Jelly Popping Candy Beanies Chocolate Bar","brand":"Cadbury","imageUrls":["https://shop.coles.com.au/wcsstore/Coles-CAS/images/9/1/8/9186065.jpg"],"storeId":"coles","packageSize":"50g","cupPrice":"$1.70 per 100G","locations":{"VIC":{"price":0.85,"discountRate":58,"promo":"","orgPrice":2}},"categoryIds":["c-pantry"],"similarProductIds":[]},{"id":"cadbury-cherry-ripe-double-dip","name":"Cherry Ripe Double Dip Chocolate Bar","brand":"Cadbury","imageUrls":["https://shop.coles.com.au/wcsstore/Coles-CAS/images/2/4/2/2427185.jpg"],"storeId":"coles","packageSize":"47g","cupPrice":"$1.81 per 100G","locations":{"VIC":{"price":0.85,"discountRate":58,"promo":"","orgPrice":2}},"categoryIds":["c-pantry"],"similarProductIds":[]},{"id":"cadbury-king-size-chocolate-twirl","name":"King Size Chocolate Bar Twirl","brand":"Cadbury","imageUrls":["https://shop.coles.com.au/wcsstore/Coles-CAS/images/7/1/5/7156799.jpg"],"storeId":"coles","packageSize":"58g","cupPrice":"$4.31 per 100G","locations":{"VIC":{"price":2.5,"discountRate":40,"promo":"Any 2 $3","orgPrice":2.5}},"categoryIds":["c-pantry"],"similarProductIds":[]},{"id":"carmans-greek-style-yoghurt-blueberry-nut-bars-5-pack","name":"Greek Style Yoghurt & Blueberry Nut Bars 5 pack","brand":"Carman's","imageUrls":["https://shop.coles.com.au/wcsstore/Coles-CAS/images/1/9/0/1905248.jpg"],"storeId":"coles","packageSize":"160g","cupPrice":"$1.88 per 100G","locations":{"VIC":{"price":3,"discountRate":50,"promo":"","orgPrice":6}},"categoryIds":["c-pantry"],"similarProductIds":[]},{"id":"carmans-dark-choc-macadamia-coconut","name":"Dark Choc Macadamia & Coconut Nut Bar 5 pack","brand":"Carman's","imageUrls":["https://shop.coles.com.au/wcsstore/Coles-CAS/images/3/0/2/3022892.jpg"],"storeId":"coles","packageSize":"160g","cupPrice":"$1.88 per 100G","locations":{"VIC":{"price":3,"discountRate":50,"promo":"","orgPrice":6}},"categoryIds":["c-pantry"],"similarProductIds":[]},{"id":"cobram-estate-oil-olive-rich-robust-8370681p","name":"Extra Virgin Olive Oil Robust","brand":"Cobram Estate","imageUrls":["https://shop.coles.com.au/wcsstore/Coles-CAS/images/8/3/7/8370681.jpg"],"storeId":"coles","packageSize":"375mL","cupPrice":"$1.60 per 100mL","locations":{"VIC":{"price":6,"discountRate":25,"promo":"","orgPrice":8}},"categoryIds":["c-pantry"],"similarProductIds":[]},{"id":"continental-pasta-sauce-value-pack-macaroni-cheese","name":"Value Pack Pasta & Sauce Macaroni Cheese Serves 5","brand":"Continental","imageUrls":["https://shop.coles.com.au/wcsstore/Coles-CAS/images/4/7/2/4727645.jpg"],"storeId":"coles","packageSize":"170g","cupPrice":"$1.76 per 100G","locations":{"VIC":{"price":3,"discountRate":25,"promo":"Any 2 $4.50","orgPrice":3}},"categoryIds":["c-pantry"],"similarProductIds":[]},{"id":"darrell-lea-twists-raspberry","name":"Twists Raspberry","brand":"Darrell Lea","imageUrls":["https://shop.coles.com.au/wcsstore/Coles-CAS/images/3/4/4/3448839.jpg"],"storeId":"coles","packageSize":"280g","cupPrice":"$1.07 per 100G","locations":{"VIC":{"price":3,"discountRate":25,"promo":"","orgPrice":4}},"categoryIds":["c-pantry"],"similarProductIds":[]},{"id":"love-dole-pineapple-chunks-in-juice","name":"Pineapple Chunks In Juice","brand":"Dole","imageUrls":["https://shop.coles.com.au/wcsstore/Coles-CAS/images/2/3/7/2378396.jpg"],"storeId":"coles","packageSize":"227g","cupPrice":"$5.73 per 1Kg","locations":{"VIC":{"price":1.3,"discountRate":19,"promo":"","orgPrice":1.6}},"categoryIds":["c-pantry"],"similarProductIds":[]},{"id":"dolmio-extra-pasta-sauce-spicy-peppers","name":"Extra Spicy Pepper Pasta Sauce","brand":"Dolmio","imageUrls":["https://shop.coles.com.au/wcsstore/Coles-CAS/images/1/2/7/1274453.jpg"],"storeId":"coles","packageSize":"500g","cupPrice":"$0.50 per 100G","locations":{"VIC":{"price":2.5,"discountRate":24,"promo":"","orgPrice":3.29}},"categoryIds":["c-pantry"],"similarProductIds":[]},{"id":"doritos-wasabi-corn-chips","name":"Cheese Burger Corn Chips","brand":"Doritos","imageUrls":["https://shop.coles.com.au/wcsstore/Coles-CAS/images/3/5/6/3568310.jpg"],"storeId":"coles","packageSize":"150g","cupPrice":"$1.17 per 100G","locations":{"VIC":{"price":1.75,"discountRate":50,"promo":"","orgPrice":3.5}},"categoryIds":["c-pantry"],"similarProductIds":[]},{"id":"edgell-corn-kernels-super-sweet-6836889p","name":"Super Sweet Corn Kernels","brand":"Edgell","imageUrls":["https://shop.coles.com.au/wcsstore/Coles-CAS/images/6/8/3/6836889.jpg"],"storeId":"coles","packageSize":"420g","cupPrice":"$3.57 per 1Kg","locations":{"VIC":{"price":1.5,"discountRate":27,"promo":"","orgPrice":2.05}},"categoryIds":["c-pantry"],"similarProductIds":[]},{"id":"edgell-peas-baby-super-sweet-corn","name":"Baby Peas & Super Sweet Corn","brand":"Edgell","imageUrls":["https://shop.coles.com.au/wcsstore/Coles-CAS/images/6/8/3/6835809.jpg"],"storeId":"coles","packageSize":"420g","cupPrice":"$3.57 per 1Kg","locations":{"VIC":{"price":1.5,"discountRate":25,"promo":"","orgPrice":2}},"categoryIds":["c-pantry"],"similarProductIds":[]},{"id":"edgell-beans-red-kidney","name":"Red Kidney Beans","brand":"Edgell","imageUrls":["https://shop.coles.com.au/wcsstore/Coles-CAS/images/5/3/7/5370051.jpg"],"storeId":"coles","packageSize":"400g","cupPrice":"$2.50 per 1Kg","locations":{"VIC":{"price":1,"discountRate":33,"promo":"","orgPrice":1.5}},"categoryIds":["c-pantry"],"similarProductIds":[]},{"id":"edgell-corn-creamed-163300p","name":"Creamed Corn","brand":"Edgell","imageUrls":["https://shop.coles.com.au/wcsstore/Coles-CAS/images/1/6/3/163300.jpg"],"storeId":"coles","packageSize":"420g","cupPrice":"$2.38 per 1Kg","locations":{"VIC":{"price":1,"discountRate":33,"promo":"","orgPrice":1.5}},"categoryIds":["c-pantry"],"similarProductIds":[]},{"id":"foster-clarks-custard-powder","name":"Powder Custard","brand":"Foster Clark's","imageUrls":["https://shop.coles.com.au/wcsstore/Coles-CAS/images/1/2/2/122234.jpg"],"storeId":"coles","packageSize":"350g","cupPrice":"$0.53 per 100G","locations":{"VIC":{"price":1.85,"discountRate":16,"promo":"","orgPrice":2.2}},"categoryIds":["c-pantry"],"similarProductIds":[]},{"id":"globus-cucumbers-polskiogorki","name":"Polskie Ogorki Dill Cucumbers","brand":"Globus","imageUrls":["https://shop.coles.com.au/wcsstore/Coles-CAS/images/5/4/2/5423351.jpg"],"storeId":"coles","packageSize":"1.95kg","cupPrice":"$3.26 per 1Kg","locations":{"VIC":{"price":6.35,"discountRate":15,"promo":"","orgPrice":7.5}},"categoryIds":["c-pantry"],"similarProductIds":[]},{"id":"golden-days-sesame-snaps-mini-gluten-free","name":"Mini Sesame Snaps Gluten Free","brand":"Golden Days","imageUrls":["https://shop.coles.com.au/wcsstore/Coles-CAS/images/4/6/0/4603154.jpg"],"storeId":"coles","packageSize":"200g","cupPrice":"$2.15 per 100G","locations":{"VIC":{"price":4.3,"discountRate":20,"promo":"","orgPrice":5.4}},"categoryIds":["c-pantry","c-healthy-living"],"similarProductIds":[]},{"id":"green-blacks-block-choc-organic-dark-70","name":"Organic Dark Chocolate Block","brand":"Green & Black's","imageUrls":["https://shop.coles.com.au/wcsstore/Coles-CAS/images/3/5/0/3506775.jpg"],"storeId":"coles","packageSize":"90g","cupPrice":"$3.33 per 100G","locations":{"VIC":{"price":3,"discountRate":29,"promo":"","orgPrice":4.25}},"categoryIds":["c-pantry"],"similarProductIds":[]},{"id":"green-blacks-block-choc-organic-dark-85","name":"Organic Dark Chocolate","brand":"Green & Blacks","imageUrls":["https://shop.coles.com.au/wcsstore/Coles-CAS/images/3/5/0/3506764.jpg"],"storeId":"coles","packageSize":"90g","cupPrice":"$3.33 per 100G","locations":{"VIC":{"price":3,"discountRate":29,"promo":"","orgPrice":4.25}},"categoryIds":["c-pantry"],"similarProductIds":[]},{"id":"gullon-sugar-free-chocolate-chip-cookies","name":"Sugar Free Chocolate Chip Cookies","brand":"Gullon","imageUrls":["https://shop.coles.com.au/wcsstore/Coles-CAS/images/1/4/7/1478544.jpg"],"storeId":"coles","packageSize":"125g","cupPrice":"$1.60 per 100G","locations":{"VIC":{"price":2,"discountRate":33,"promo":"","orgPrice":3}},"categoryIds":["c-pantry","c-healthy-living"],"similarProductIds":[]},{"id":"john-west-tempters-tuna-onion-tomato-light","name":"Tempters Onion & Tomato Light Tuna","brand":"John West","imageUrls":["https://shop.coles.com.au/wcsstore/Coles-CAS/images/4/9/2/4925004.jpg"],"storeId":"coles","packageSize":"95g","cupPrice":"$12.11 per 1Kg","locations":{"VIC":{"price":1.15,"discountRate":50,"promo":"","orgPrice":2.3}},"categoryIds":["c-pantry"],"similarProductIds":[]},{"id":"kantong-sauce-stir-fry-black-bean","name":"Black Bean Stir Fry Cooking Sauce","brand":"Kan Tong","imageUrls":["https://shop.coles.com.au/wcsstore/Coles-CAS/images/1/2/7/1279876.jpg"],"storeId":"coles","packageSize":"510g","cupPrice":"$0.65 per 100G","locations":{"VIC":{"price":3.3,"discountRate":9,"promo":"Any 2 $6","orgPrice":3.3}},"categoryIds":["c-pantry"],"similarProductIds":[]},{"id":"kantong--thai-green-curry-paste","name":"Green Curry Paste","brand":"Kan Tong Thai","imageUrls":["https://shop.coles.com.au/wcsstore/Coles-CAS/images/2/3/5/2352428.jpg"],"storeId":"coles","packageSize":"250g","cupPrice":"$1.20 per 100G","locations":{"VIC":{"price":3,"discountRate":25,"promo":"","orgPrice":4}},"categoryIds":["c-pantry","c-international-foods"],"similarProductIds":[]},{"id":"kelloggs-cereal-sultana-bran","name":"Sultana Bran Cereal","brand":"Kellogg's","imageUrls":["https://shop.coles.com.au/wcsstore/Coles-CAS/images/8/4/9/8495905.jpg"],"storeId":"coles","packageSize":"730g","cupPrice":"$0.51 per 100G","locations":{"VIC":{"price":3.75,"discountRate":50,"promo":"","orgPrice":7.5}},"categoryIds":["c-pantry"],"similarProductIds":[]},{"id":"kelloggs-cereal-special-k-advantage","name":"Special K High Fibre Advantage Breakfast Cereal","brand":"Kellogg's","imageUrls":["https://shop.coles.com.au/wcsstore/Coles-CAS/images/8/4/9/8492725.jpg"],"storeId":"coles","packageSize":"315g","cupPrice":"$1.14 per 100G","locations":{"VIC":{"price":3.6,"discountRate":25,"promo":"","orgPrice":4.8}},"categoryIds":["c-pantry"],"similarProductIds":[]},{"id":"mayvers-smunchy-unsalted-peanut-butter","name":"Smunchy Unsalted Peanut Butter","brand":"Mayver's","imageUrls":["https://shop.coles.com.au/wcsstore/Coles-CAS/images/3/5/7/3579236.jpg"],"storeId":"coles","packageSize":"375g","cupPrice":"$1.07 per 100G","locations":{"VIC":{"price":4,"discountRate":20,"promo":"","orgPrice":5}},"categoryIds":["c-pantry"],"similarProductIds":[]},{"id":"moro-aged-balsamic-primula-vinegar","name":"Aged Balsamic Primula Vinegar","brand":"Moro","imageUrls":["https://shop.coles.com.au/wcsstore/Coles-CAS/images/1/7/3/1736173.jpg"],"storeId":"coles","packageSize":"250mL","cupPrice":"$2.80 per 100mL","locations":{"VIC":{"price":7,"discountRate":22,"promo":"","orgPrice":9}},"categoryIds":["c-pantry"],"similarProductIds":[]},{"id":"nescafe-blend-43-smooth-creamy-coffee","name":"Blend 43 Smooth & Creamy Instant Coffee","brand":"Nescafe","imageUrls":["https://shop.coles.com.au/wcsstore/Coles-CAS/images/2/1/2/2125460.jpg"],"storeId":"coles","packageSize":"140g","cupPrice":"$5.00 per 100G","locations":{"VIC":{"price":7,"discountRate":26,"promo":"","orgPrice":9.4}},"categoryIds":["c-pantry","c-drinks"],"similarProductIds":[]},{"id":"nestle-dark-chocolate-cooking-melts","name":"Bakers' Choice Dark Chocolate Melts","brand":"Nestle","imageUrls":["https://shop.coles.com.au/wcsstore/Coles-CAS/images/4/4/7/447578.jpg"],"storeId":"coles","packageSize":"290g","cupPrice":"$1.03 per 100G","locations":{"VIC":{"price":3,"discountRate":22,"promo":"","orgPrice":3.85}},"categoryIds":["c-pantry"],"similarProductIds":[]},{"id":"nestle-kit-kat-dark-origins-chocolate-block","name":"KitKat Dark Chocolate Block","brand":"Nestle","imageUrls":["https://shop.coles.com.au/wcsstore/Coles-CAS/images/2/7/9/2799259.jpg"],"storeId":"coles","packageSize":"170g","cupPrice":"$1.76 per 100G","locations":{"VIC":{"price":3,"discountRate":33,"promo":"","orgPrice":4.5}},"categoryIds":["c-pantry"],"similarProductIds":[]},{"id":"nestle-kit-kat-mint-cokie-fudge","name":"Kit Kat Mint Cookie Fudge","brand":"Nestle","imageUrls":["https://shop.coles.com.au/wcsstore/Coles-CAS/images/3/7/6/3761229.jpg"],"storeId":"coles","packageSize":"45g","cupPrice":"$4.44 per 100G","locations":{"VIC":{"price":2,"discountRate":25,"promo":"Any 2 $3","orgPrice":2}},"categoryIds":["c-pantry"],"similarProductIds":[]},{"id":"passage-to-india-sauce-rogan-josh-simmer","name":"Passage To India Rogan Josh Simmer Sauce Pouch","brand":"Passage Foods","imageUrls":["https://shop.coles.com.au/wcsstore/Coles-CAS/images/4/6/9/4699040.jpg"],"storeId":"coles","packageSize":"375g","cupPrice":"$0.87 per 100G","locations":{"VIC":{"price":3.25,"discountRate":31,"promo":"","orgPrice":4.7}},"categoryIds":["c-pantry","c-international-foods"],"similarProductIds":[]},{"id":"robert-timms-coffee-bags-italian-espresso-style-4965756p","name":"Italian Espresso Style Coffee Bags 28 Pack","brand":"Robert Timms","imageUrls":["https://shop.coles.com.au/wcsstore/Coles-CAS/images/4/9/6/4965756.jpg"],"storeId":"coles","packageSize":"160g","cupPrice":"$30.13 per 1KG","locations":{"VIC":{"price":4.82,"discountRate":50,"promo":"","orgPrice":9.65}},"categoryIds":["c-pantry","c-drinks"],"similarProductIds":[]},{"id":"starbucks-pike-place-capsules","name":"Pike Place Capsules","brand":"Starbucks","imageUrls":["https://shop.coles.com.au/wcsstore/Coles-CAS/images/3/7/7/3772950.jpg"],"storeId":"coles","packageSize":"10 pack","cupPrice":"$0.50 per 1Ea","locations":{"VIC":{"price":5,"discountRate":28,"promo":"","orgPrice":6.9}},"categoryIds":["c-pantry","c-drinks"],"similarProductIds":[]},{"id":"sunrice-thai-hom-mali-jasmine-white-rice","name":"Jasmine Fragrant Rice","brand":"Sunrice","imageUrls":["https://shop.coles.com.au/wcsstore/Coles-CAS/images/4/3/6/4363786.jpg"],"storeId":"coles","packageSize":"5kg","cupPrice":"$0.20 per 100G","locations":{"VIC":{"price":10,"discountRate":50,"promo":"","orgPrice":20}},"categoryIds":["c-pantry"],"similarProductIds":[]},{"id":"table-of-plenty-rice-cakes-mini-dark-chocolate","name":"Mini Dark Chocolate Rice Cakes","brand":"Table of Plenty","imageUrls":["https://shop.coles.com.au/wcsstore/Coles-CAS/images/8/2/1/8215770.jpg"],"storeId":"coles","packageSize":"60g","cupPrice":"$4.75 per 100G","locations":{"VIC":{"price":2.85,"discountRate":21,"promo":"","orgPrice":3.6}},"categoryIds":["c-pantry","c-healthy-living"],"similarProductIds":[]},{"id":"twinings-herbal-infusions-tea-bags-peppermint","name":"Pure Peppermint Tea Bags 10 pack","brand":"Twinings","imageUrls":["https://shop.coles.com.au/wcsstore/Coles-CAS/images/5/3/5/5359638.jpg"],"storeId":"coles","packageSize":"20g","cupPrice":"$10.00 per 100G","locations":{"VIC":{"price":2,"discountRate":26,"promo":"","orgPrice":2.7}},"categoryIds":["c-pantry","c-drinks"],"similarProductIds":[]},{"id":"twinings-herbal-infusions-tea-bags-lemon-ginger","name":"Lemon & Ginger Herbal Infusions Tea Bags 10 pack","brand":"Twinings","imageUrls":["https://shop.coles.com.au/wcsstore/Coles-CAS/images/5/9/8/5984870.jpg"],"storeId":"coles","packageSize":"15g","cupPrice":"$13.33 per 100G","locations":{"VIC":{"price":2,"discountRate":26,"promo":"","orgPrice":2.7}},"categoryIds":["c-pantry","c-drinks"],"similarProductIds":[]},{"id":"twinings-herbal-infusion-tea-bags-raspberry--strawberry-loganberry","name":"Raspberry Strawberry & Loganberry Flavoured Tea Bags 10 pack","brand":"Twinings","imageUrls":["https://shop.coles.com.au/wcsstore/Coles-CAS/images/8/7/2/8729530.jpg"],"storeId":"coles","packageSize":"20g","cupPrice":"$10.00 per 100G","locations":{"VIC":{"price":2,"discountRate":26,"promo":"","orgPrice":2.7}},"categoryIds":["c-pantry","c-drinks"],"similarProductIds":[]},{"id":"twinings-origins-tea-bags-chai-vanilla","name":"Chai & Vanilla Tea Bags 10 pack","brand":"Twinings","imageUrls":["https://shop.coles.com.au/wcsstore/Coles-CAS/images/5/0/6/5060666.jpg"],"storeId":"coles","packageSize":"20g","cupPrice":"$10.00 per 100G","locations":{"VIC":{"price":2,"discountRate":26,"promo":"","orgPrice":2.7}},"categoryIds":["c-pantry","c-drinks"],"similarProductIds":[]},{"id":"twinings-herbal-infusions-camomile-tea-bags-2469480p","name":"Herbal Infusions Camomile Tea Bags","brand":"Twinings","imageUrls":["https://shop.coles.com.au/wcsstore/Coles-CAS/images/2/4/6/2469480.jpg"],"storeId":"coles","packageSize":"10 pack","cupPrice":"$16.67 per 100G","locations":{"VIC":{"price":2,"discountRate":26,"promo":"","orgPrice":2.7}},"categoryIds":["c-pantry","c-drinks"],"similarProductIds":[]},{"id":"allen-s-spearmint-leaves","name":"Spearmint Leaves","brand":"Allen's","imageUrls":["https://shop.coles.com.au/wcsstore/Coles-CAS/images/3/7/3/3736618.jpg"],"storeId":"coles","packageSize":"170g","cupPrice":"$1.76 per 100G","locations":{"VIC":{"price":3,"discountRate":17,"promo":"Any 2 $5","orgPrice":3}},"categoryIds":["c-pantry"],"similarProductIds":[]},{"id":"allen-s-sourz-tangy-randoms","name":"Sourz Tangy Randoms","brand":"Allen's","imageUrls":["https://shop.coles.com.au/wcsstore/Coles-CAS/images/3/7/3/3736571.jpg"],"storeId":"coles","packageSize":"170g","cupPrice":"$1.76 per 100G","locations":{"VIC":{"price":3,"discountRate":17,"promo":"Any 2 $5","orgPrice":3}},"categoryIds":["c-pantry"],"similarProductIds":[]},{"id":"always-fresh-dolmades-traditional-recipe","name":"Dolmades Greek Style","brand":"Always Fresh","imageUrls":["https://shop.coles.com.au/wcsstore/Coles-CAS/images/9/4/8/9485099.jpg"],"storeId":"coles","packageSize":"280g","cupPrice":"$12.14 per 1Kg","locations":{"VIC":{"price":3.4,"discountRate":15,"promo":"","orgPrice":4}},"categoryIds":["c-pantry"],"similarProductIds":[]},{"id":"arnotts-shapes-crackers-meat-pie","name":"Shapes Meat Pie","brand":"Arnott's","imageUrls":["https://shop.coles.com.au/wcsstore/Coles-CAS/images/3/6/9/3697141.jpg"],"storeId":"coles","packageSize":"165g","cupPrice":"$1.94 per 100G","locations":{"VIC":{"price":3.2,"discountRate":22,"promo":"Any 2 $5","orgPrice":3.2}},"categoryIds":["c-pantry"],"similarProductIds":[]},{"id":"betty-crocker-red-velvet-cake-mix","name":"Red Velvet Cake Mix","brand":"Betty Crocker","imageUrls":["https://shop.coles.com.au/wcsstore/Coles-CAS/images/3/7/6/3765489.jpg"],"storeId":"coles","packageSize":"480g","cupPrice":"$0.83 per 100G","locations":{"VIC":{"price":4,"discountRate":23,"promo":"","orgPrice":5.2}},"categoryIds":["c-pantry"],"similarProductIds":[]},{"id":"bounce-cacao-mint-protein-balls","name":"Gluten Free Cacao Mint Protein Energy Ball","brand":"Bounce","imageUrls":["https://shop.coles.com.au/wcsstore/Coles-CAS/images/1/8/3/1838435.jpg"],"storeId":"coles","packageSize":"42g","cupPrice":"$0.48 per 10G","locations":{"VIC":{"price":2,"discountRate":33,"promo":"","orgPrice":3}},"categoryIds":["c-pantry","c-healthy-living"],"similarProductIds":[]},{"id":"buderim-ginger-uncrystalised-naked-sweet","name":"Uncrystalised Naked Sweet Ginger","brand":"Buderim Ginger","imageUrls":["https://shop.coles.com.au/wcsstore/Coles-CAS/images/4/6/0/4607767.jpg"],"storeId":"coles","packageSize":"200g","cupPrice":"$18.25 per 1Kg","locations":{"VIC":{"price":3.65,"discountRate":18,"promo":"","orgPrice":4.45}},"categoryIds":["c-pantry"],"similarProductIds":[]},{"id":"csr-sugar-logicane","name":"Logicane Sugar","brand":"CSR","imageUrls":["https://shop.coles.com.au/wcsstore/Coles-CAS/images/6/8/1/6810863.jpg"],"storeId":"coles","packageSize":"750g","cupPrice":"$0.37 per 100G","locations":{"VIC":{"price":2.8,"discountRate":15,"promo":"","orgPrice":3.3}},"categoryIds":["c-pantry"],"similarProductIds":[]},{"id":"cadbury-curly-wurly-chocolate-bar","name":"Curly Wurly Chocolate Bar","brand":"Cadbury","imageUrls":["https://shop.coles.com.au/wcsstore/Coles-CAS/images/5/1/6/5164606.jpg"],"storeId":"coles","packageSize":"26g","cupPrice":"$1.92 per 100G","locations":{"VIC":{"price":0.5,"discountRate":33,"promo":"","orgPrice":0.75}},"categoryIds":["c-pantry"],"similarProductIds":[]},{"id":"cadbury-chunky-dairy-milk-chocolate-bar","name":"Dairy Milk Chunky Chocolate Bar","brand":"Cadbury","imageUrls":["https://shop.coles.com.au/wcsstore/Coles-CAS/images/5/0/7/5072665.jpg"],"storeId":"coles","packageSize":"50g","cupPrice":"$1.70 per 100G","locations":{"VIC":{"price":0.85,"discountRate":58,"promo":"","orgPrice":2}},"categoryIds":["c-pantry"],"similarProductIds":[]},{"id":"cadbury-crunchie-chocolate-bar","name":"Crunchie Chocolate bar","brand":"Cadbury","imageUrls":["https://shop.coles.com.au/wcsstore/Coles-CAS/images/1/3/6/136523.jpg"],"storeId":"coles","packageSize":"50g","cupPrice":"$1.70 per 100G","locations":{"VIC":{"price":0.85,"discountRate":58,"promo":"","orgPrice":2}},"categoryIds":["c-pantry"],"similarProductIds":[]},{"id":"cadbury-flake-chocolate-bar","name":"Flake Chocolate Bar","brand":"Cadbury","imageUrls":["https://shop.coles.com.au/wcsstore/Coles-CAS/images/1/3/6/136487.jpg"],"storeId":"coles","packageSize":"30g","cupPrice":"$2.83 per 100G","locations":{"VIC":{"price":0.85,"discountRate":58,"promo":"","orgPrice":2}},"categoryIds":["c-pantry"],"similarProductIds":[]},{"id":"cadbury-old-gold-peppermint-chocolate-block-2350546p","name":"Old Gold Peppermint Dark Chocolate Block","brand":"Cadbury","imageUrls":["https://shop.coles.com.au/wcsstore/Coles-CAS/images/2/3/5/2350546.jpg"],"storeId":"coles","packageSize":"180g","cupPrice":"$1.94 per 100G","locations":{"VIC":{"price":3.5,"discountRate":30,"promo":"","orgPrice":5}},"categoryIds":["c-pantry"],"similarProductIds":[]},{"id":"cadbury-chocolate-dream","name":"Dream White Chocolate Bar","brand":"Cadbury","imageUrls":["https://shop.coles.com.au/wcsstore/Coles-CAS/images/8/8/8/8885965.jpg"],"storeId":"coles","packageSize":"50g","cupPrice":"$1.70 per 100G","locations":{"VIC":{"price":0.85,"discountRate":58,"promo":"","orgPrice":2}},"categoryIds":["c-pantry"],"similarProductIds":[]},{"id":"cadbury-bars-dairy-milk-hazelnut","name":"Dairy Milk Hazelnut Chocolate Bar","brand":"Cadbury","imageUrls":["https://shop.coles.com.au/wcsstore/Coles-CAS/images/3/4/0/3404786.jpg"],"storeId":"coles","packageSize":"55g","cupPrice":"$1.55 per 100G","locations":{"VIC":{"price":0.85,"discountRate":58,"promo":"","orgPrice":2}},"categoryIds":["c-pantry"],"similarProductIds":[]},{"id":"cadbury-sharepack-freddo-milky-top","name":"Sharepack Freddo Milky Top","brand":"Cadbury","imageUrls":["https://shop.coles.com.au/wcsstore/Coles-CAS/images/3/7/6/3768862.jpg"],"storeId":"coles","packageSize":"144 GRAM","cupPrice":"","locations":{"VIC":{"price":3.5,"discountRate":30,"promo":"","orgPrice":5}},"categoryIds":["c-pantry"],"similarProductIds":[]},{"id":"cadbury-sharepack-freddo-dairy-milk-3768851p","name":"Sharepack Freddo Dairy Milk","brand":"Cadbury","imageUrls":["https://shop.coles.com.au/wcsstore/Coles-CAS/images/3/7/6/3768851.jpg"],"storeId":"coles","packageSize":"144 GRAM","cupPrice":"","locations":{"VIC":{"price":3.5,"discountRate":30,"promo":"","orgPrice":5}},"categoryIds":["c-pantry"],"similarProductIds":[]},{"id":"cadbury-marvellous-creations-birthday-cake","name":"Marvellous Creations Birthday Cake","brand":"Cadbury","imageUrls":["https://shop.coles.com.au/wcsstore/Coles-CAS/images/3/7/7/3776361.jpg"],"storeId":"coles","packageSize":"50g","cupPrice":"$1.70 per 100G","locations":{"VIC":{"price":0.85,"discountRate":58,"promo":"","orgPrice":2}},"categoryIds":["c-pantry"],"similarProductIds":[]},{"id":"carmans-super-berry-muesli-bars","name":"Cranberry, Blueberry & Goji Super Berry Muesli Bars 6 pack","brand":"Carman's","imageUrls":["https://shop.coles.com.au/wcsstore/Coles-CAS/images/2/3/9/2392502.jpg"],"storeId":"coles","packageSize":"270g","cupPrice":"$1.11 per 100G","locations":{"VIC":{"price":3,"discountRate":50,"promo":"","orgPrice":6}},"categoryIds":["c-pantry"],"similarProductIds":[]},{"id":"cobram-estate-garlic-infused-oil","name":"Garlic Infused Oil","brand":"Cobram Estate","imageUrls":["https://shop.coles.com.au/wcsstore/Coles-CAS/images/2/7/8/2788412.jpg"],"storeId":"coles","packageSize":"375mL","cupPrice":"$2.08 per 100mL","locations":{"VIC":{"price":7.8,"discountRate":13,"promo":"","orgPrice":9}},"categoryIds":["c-pantry"],"similarProductIds":[]},{"id":"coolpack-popcorn-original-6-pack","name":"Original Popcorn 6 Pack","brand":"Cool Pak","imageUrls":["https://shop.coles.com.au/wcsstore/Coles-CAS/images/3/5/6/3569130.jpg"],"storeId":"coles","packageSize":"66g","cupPrice":"$4.85 per 100G","locations":{"VIC":{"price":3.2,"discountRate":22,"promo":"Any 2 $5","orgPrice":3.2}},"categoryIds":["c-pantry"],"similarProductIds":[]},{"id":"darrell-lea-bullets-four-flavour-mix","name":"Bullets Four Flavour Mixed Pack","brand":"Darrell Lea","imageUrls":["https://shop.coles.com.au/wcsstore/Coles-CAS/images/3/4/4/3449296.jpg"],"storeId":"coles","packageSize":"220g","cupPrice":"$1.36 per 100G","locations":{"VIC":{"price":3,"discountRate":25,"promo":"","orgPrice":4}},"categoryIds":["c-pantry"],"similarProductIds":[]},{"id":"love-dole-pineapple-slices-in-juice","name":"Pineapple Slices In Juice","brand":"Dole","imageUrls":["https://shop.coles.com.au/wcsstore/Coles-CAS/images/2/3/7/2378374.jpg"],"storeId":"coles","packageSize":"227g","cupPrice":"$5.73 per 1Kg","locations":{"VIC":{"price":1.3,"discountRate":19,"promo":"","orgPrice":1.6}},"categoryIds":["c-pantry"],"similarProductIds":[]},{"id":"dolmio-extra-pasta-sauce-red-wine-italian-herb","name":"Extra Red Wine & Italian Herbs Pasta Sauce","brand":"Dolmio","imageUrls":["https://shop.coles.com.au/wcsstore/Coles-CAS/images/1/2/7/1274442.jpg"],"storeId":"coles","packageSize":"500g","cupPrice":"$0.50 per 100G","locations":{"VIC":{"price":2.5,"discountRate":24,"promo":"","orgPrice":3.29}},"categoryIds":["c-pantry"],"similarProductIds":[]},{"id":"doritos-cool-ranch-corn-chips","name":"Cool Ranch Corn Chips","brand":"Doritos","imageUrls":["https://shop.coles.com.au/wcsstore/Coles-CAS/images/2/0/0/2004239.jpg"],"storeId":"coles","packageSize":"170g","cupPrice":"$2.06 per 100G","locations":{"VIC":{"price":3.5,"discountRate":29,"promo":"Any 2 $5","orgPrice":3.5}},"categoryIds":["c-pantry"],"similarProductIds":[]},{"id":"europe-bars-sesame-bar","name":"Sesame Bar","brand":"Europe","imageUrls":["https://shop.coles.com.au/wcsstore/Coles-CAS/images/6/7/8/67883.jpg"],"storeId":"coles","packageSize":"45g","cupPrice":"$1.89 per 100G","locations":{"VIC":{"price":0.85,"discountRate":58,"promo":"","orgPrice":2}},"categoryIds":["c-pantry"],"similarProductIds":[]},{"id":"heritage-mill-clusters-cocoa-coconut","name":"Heritage Mill Cocoa Coconut Clusters","brand":"Freedom Foods","imageUrls":["https://shop.coles.com.au/wcsstore/Coles-CAS/images/3/2/1/3211953.jpg"],"storeId":"coles","packageSize":"1kg","cupPrice":"$0.49 per 100G","locations":{"VIC":{"price":4.9,"discountRate":30,"promo":"","orgPrice":7}},"categoryIds":["c-pantry"],"similarProductIds":[]},{"id":"golden-days-sesame-snaps","name":"Gluten Free Original Sesame Snaps 3 pack","brand":"Golden Days","imageUrls":["https://shop.coles.com.au/wcsstore/Coles-CAS/images/8/0/7/8071749.jpg"],"storeId":"coles","packageSize":"120g","cupPrice":"$1.83 per 100G","locations":{"VIC":{"price":2.2,"discountRate":12,"promo":"","orgPrice":2.5}},"categoryIds":["c-pantry","c-healthy-living"],"similarProductIds":[]},{"id":"golden-days-dark-chocolate-sesame-snaps-3-pack","name":"Dark Chocolate Sesame Snaps","brand":"Golden Days","imageUrls":["https://shop.coles.com.au/wcsstore/Coles-CAS/images/6/6/3/6638070.jpg"],"storeId":"coles","packageSize":"120g","cupPrice":"$2.17 per 100G","locations":{"VIC":{"price":2.6,"discountRate":21,"promo":"","orgPrice":3.3}},"categoryIds":["c-pantry","c-healthy-living"],"similarProductIds":[]},{"id":"greens-traditional-cake-mix-golden-butter","name":"Traditional Golden Butter Cake Mix","brand":"Green's","imageUrls":["https://shop.coles.com.au/wcsstore/Coles-CAS/images/6/9/7/6970611.jpg"],"storeId":"coles","packageSize":"440g","cupPrice":"$0.50 per 100G","locations":{"VIC":{"price":2.2,"discountRate":20,"promo":"","orgPrice":2.75}},"categoryIds":["c-pantry"],"similarProductIds":[]},{"id":"greens-pancake-shake-original-5210463p","name":"Original Pancake Shake","brand":"Green's","imageUrls":["https://shop.coles.com.au/wcsstore/Coles-CAS/images/5/2/1/5210463.jpg"],"storeId":"coles","packageSize":"375g","cupPrice":"$0.59 per 100G","locations":{"VIC":{"price":2.2,"discountRate":24,"promo":"","orgPrice":2.9000000000000004}},"categoryIds":["c-pantry"],"similarProductIds":[]},{"id":"hermesetas-sweetener-stevia-tablets","name":"Stevia Sweet 220 Tablets","brand":"Hermesetas","imageUrls":["https://shop.coles.com.au/wcsstore/Coles-CAS/images/9/9/3/9933178.jpg"],"storeId":"coles","packageSize":"1 pack","cupPrice":"$6.35 per 1Ea","locations":{"VIC":{"price":6.35,"discountRate":21,"promo":"","orgPrice":8}},"categoryIds":["c-pantry"],"similarProductIds":[]},{"id":"keep-it-cleaner-bliss-balls-peanut-butter-choc","name":"Bliss Balls Peanut Butter Chocolate Chip","brand":"Keep It Cleaner","imageUrls":["https://shop.coles.com.au/wcsstore/Coles-CAS/images/3/5/2/3524380.jpg"],"storeId":"coles","packageSize":"40g","cupPrice":"$6.25 per 100mL","locations":{"VIC":{"price":2.5,"discountRate":20,"promo":"Any 2 $4","orgPrice":2.5}},"categoryIds":["c-pantry","c-healthy-living"],"similarProductIds":[]},{"id":"kelloggs-cereal-all-bran-wheat-flakes","name":"All-Bran Wheat Flakes Breakfast Cereal","brand":"Kellogg's","imageUrls":["https://shop.coles.com.au/wcsstore/Coles-CAS/images/8/4/9/8491948.jpg"],"storeId":"coles","packageSize":"330g","cupPrice":"$1.02 per 100G","locations":{"VIC":{"price":3.37,"discountRate":25,"promo":"","orgPrice":4.5}},"categoryIds":["c-pantry"],"similarProductIds":[]},{"id":"kelloggs-cereal-all-bran-honey-almond","name":"All-Bran Wheat Flakes Honey Almond Breakfast Cereal","brand":"Kellogg's","imageUrls":["https://shop.coles.com.au/wcsstore/Coles-CAS/images/8/4/9/8491857.jpg"],"storeId":"coles","packageSize":"420g","cupPrice":"$1.16 per 100G","locations":{"VIC":{"price":4.87,"discountRate":25,"promo":"","orgPrice":6.5}},"categoryIds":["c-pantry"],"similarProductIds":[]},{"id":"maggi-world-flavours-best-ever-beef-burgers-meal-base","name":"Dry Recipe Base Best Ever Beef Burgers","brand":"Maggi","imageUrls":["https://shop.coles.com.au/wcsstore/Coles-CAS/images/1/8/7/1870187.jpg"],"storeId":"coles","packageSize":"30g","cupPrice":"$5.00 per 100G","locations":{"VIC":{"price":1.5,"discountRate":11,"promo":"Any 3 $3.99","orgPrice":1.5}},"categoryIds":["c-pantry"],"similarProductIds":[]},{"id":"maggi-dry-recipe-base-cottage-pie","name":"Dry Recipe Base Gluten Free Mince Cottage Pie","brand":"Maggi","imageUrls":["https://shop.coles.com.au/wcsstore/Coles-CAS/images/2/7/1/2715088.jpg"],"storeId":"coles","packageSize":"37g","cupPrice":"$4.05 per 100G","locations":{"VIC":{"price":1.5,"discountRate":11,"promo":"Any 3 $3.99","orgPrice":1.5}},"categoryIds":["c-pantry"],"similarProductIds":[]},{"id":"maggi-dry-recipe-base-apricot-chicken","name":"Apricot Chicken Real Herbs & Spices Dry Recipe Base","brand":"Maggi","imageUrls":["https://shop.coles.com.au/wcsstore/Coles-CAS/images/2/7/1/2714926.jpg"],"storeId":"coles","packageSize":"35g","cupPrice":"$4.29 per 100G","locations":{"VIC":{"price":1.5,"discountRate":11,"promo":"Any 3 $3.99","orgPrice":1.5}},"categoryIds":["c-pantry"],"similarProductIds":[]},{"id":"masterfoods-recipe-base-country-beef-casserole","name":"Country Beef Casserole Recipe Base","brand":"MasterFoods","imageUrls":["https://shop.coles.com.au/wcsstore/Coles-CAS/images/4/9/6/4961970.jpg"],"storeId":"coles","packageSize":"175g","cupPrice":"$1.26 per 100G","locations":{"VIC":{"price":2.2,"discountRate":9,"promo":"Any 3 $6","orgPrice":2.2}},"categoryIds":["c-pantry"],"similarProductIds":[]},{"id":"monini-grape-seed-oil-1702069p","name":"Grape Seed Oil","brand":"Monini","imageUrls":["https://shop.coles.com.au/wcsstore/Coles-CAS/images/1/7/0/1702069.jpg"],"storeId":"coles","packageSize":"1L","cupPrice":"$1.00 per 100mL","locations":{"VIC":{"price":10,"discountRate":23,"promo":"","orgPrice":13}},"categoryIds":["c-pantry"],"similarProductIds":[]},{"id":"natural-chip-co-chips-chilli-lime","name":"Lentil Craves Sweet Chilli & Sour Cream","brand":"Natural Chip Co Chips","imageUrls":["https://shop.coles.com.au/wcsstore/Coles-CAS/images/3/7/2/3723300.jpg"],"storeId":"coles","packageSize":"100g","cupPrice":"$3.00 per 100G","locations":{"VIC":{"price":3,"discountRate":14,"promo":"","orgPrice":3.5}},"categoryIds":["c-pantry"],"similarProductIds":[]},{"id":"nerada-organic-tea-bags-peppermint","name":"Organics Peppermint Tea Bags 40 Pack","brand":"Nerada","imageUrls":["https://shop.coles.com.au/wcsstore/Coles-CAS/images/6/3/8/6384969.jpg"],"storeId":"coles","packageSize":"60g","cupPrice":"$5.83 per 100G","locations":{"VIC":{"price":3.5,"discountRate":30,"promo":"","orgPrice":5}},"categoryIds":["c-pantry","c-drinks"],"similarProductIds":[]},{"id":"nerada-organic-lemon-ginger-tea-bags","name":"Organic Lemon & Ginger Tea Bags 40 pack","brand":"Nerada","imageUrls":["https://shop.coles.com.au/wcsstore/Coles-CAS/images/1/4/1/1412954.jpg"],"storeId":"coles","packageSize":"60g","cupPrice":"$0.06 per 1G","locations":{"VIC":{"price":3.5,"discountRate":30,"promo":"","orgPrice":5}},"categoryIds":["c-pantry","c-drinks"],"similarProductIds":[]},{"id":"nice-natural--roasted-almond-nut-bar-6-pack","name":"Roasted Peanut Almond Bars 6 Pack","brand":"Nice & Natural","imageUrls":["https://shop.coles.com.au/wcsstore/Coles-CAS/images/2/6/0/2605910.jpg"],"storeId":"coles","packageSize":"192g","cupPrice":"$2.08 per 100G","locations":{"VIC":{"price":4,"discountRate":25,"promo":"Any 2 $6","orgPrice":4}},"categoryIds":["c-pantry"],"similarProductIds":[]},{"id":"noshu-sugar-fre-fudgy-brownies","name":"99% Sugar Free Fudgy Brownies Mix","brand":"Noshu","imageUrls":["https://shop.coles.com.au/wcsstore/Coles-CAS/images/3/6/6/3660390.jpg"],"storeId":"coles","packageSize":"300g","cupPrice":"$2.17 per 100G","locations":{"VIC":{"price":6.5,"discountRate":13,"promo":"","orgPrice":7.5}},"categoryIds":["c-pantry"],"similarProductIds":[]},{"id":"oreo-creme-biscuits-red-velevet","name":"Creme Biscuits Red Velvet","brand":"Oreo","imageUrls":["https://shop.coles.com.au/wcsstore/Coles-CAS/images/3/5/2/3529715.jpg"],"storeId":"coles","packageSize":"137g","cupPrice":"$1.13 per 100G","locations":{"VIC":{"price":1.5,"discountRate":25,"promo":"","orgPrice":2}},"categoryIds":["c-pantry"],"similarProductIds":[]},{"id":"oreo-golden-creme-biscuits-original","name":"Golden Creme Biscuits Original","brand":"Oreo","imageUrls":["https://shop.coles.com.au/wcsstore/Coles-CAS/images/3/7/0/3706490.jpg"],"storeId":"coles","packageSize":"133g","cupPrice":"$1.13 per 100G","locations":{"VIC":{"price":1.5,"discountRate":25,"promo":"","orgPrice":2}},"categoryIds":["c-pantry"],"similarProductIds":[]},{"id":"pringles-sweet-spicy-bbq-flavour-potato-chips","name":"Limited Edition Potato Chips","brand":"Pringles","imageUrls":["https://shop.coles.com.au/wcsstore/Coles-CAS/images/2/8/7/2871990.jpg"],"storeId":"coles","packageSize":"134g","cupPrice":"$2.99 per 100G","locations":{"VIC":{"price":4,"discountRate":50,"promo":"Any 3 $6","orgPrice":4}},"categoryIds":["c-pantry"],"similarProductIds":[]},{"id":"robert-timms-gold-colombia-coffee-bags","name":"Gold Colombia Coffee Bags Strong 28 Pack","brand":"Robert Timms","imageUrls":["https://shop.coles.com.au/wcsstore/Coles-CAS/images/3/5/1/3511630.jpg"],"storeId":"coles","packageSize":"160g","cupPrice":"$3.01 per 100G","locations":{"VIC":{"price":4.82,"discountRate":50,"promo":"","orgPrice":9.65}},"categoryIds":["c-pantry","c-drinks"],"similarProductIds":[]},{"id":"san-remo-pasta-lasagne-sheets-instant-family-pack","name":"Instant Lasagna Sheets Family Pack","brand":"San Remo","imageUrls":["https://shop.coles.com.au/wcsstore/Coles-CAS/images/4/1/6/4164495.jpg"],"storeId":"coles","packageSize":"375g","cupPrice":"$0.80 per 100G","locations":{"VIC":{"price":3,"discountRate":19,"promo":"","orgPrice":3.7}},"categoryIds":["c-pantry"],"similarProductIds":[]},{"id":"san-remo-pulse-pasta-penne","name":"Penne Pulse Pasta","brand":"San Remo","imageUrls":["https://shop.coles.com.au/wcsstore/Coles-CAS/images/3/2/1/3214430.jpg"],"storeId":"coles","packageSize":"250g","cupPrice":"$1.40 per 100G","locations":{"VIC":{"price":3.5,"discountRate":17,"promo":"","orgPrice":4.2}},"categoryIds":["c-pantry"],"similarProductIds":[]},{"id":"smiths-limited-edition-mac-n-cheese-potato-chips","name":"Limited Edition Sizzling Beef Pepper Steak","brand":"Smith's","imageUrls":["https://shop.coles.com.au/wcsstore/Coles-CAS/images/3/1/5/3151625.jpg"],"storeId":"coles","packageSize":"150g","cupPrice":"$1.17 per 100G","locations":{"VIC":{"price":1.75,"discountRate":50,"promo":"","orgPrice":3.5}},"categoryIds":["c-pantry"],"similarProductIds":[]},{"id":"starbucks-single-origin-sumatra-capsules","name":"By Nespresso Single Origin Coffee Sumatra Capsules","brand":"Starbucks","imageUrls":["https://shop.coles.com.au/wcsstore/Coles-CAS/images/3/6/1/3613040.jpg"],"storeId":"coles","packageSize":"10 pack","cupPrice":"$0.50 per 1Ea","locations":{"VIC":{"price":5,"discountRate":28,"promo":"","orgPrice":6.9}},"categoryIds":["c-pantry","c-drinks"],"similarProductIds":[]},{"id":"sunbites-crackers-onion-balsamic-snack","name":"Caramelised Onion & Balsamic Snack Crackers With Quinoa","brand":"Sunbites","imageUrls":["https://shop.coles.com.au/wcsstore/Coles-CAS/images/2/9/7/2976842.jpg"],"storeId":"coles","packageSize":"110g","cupPrice":"$2.73 per 100G","locations":{"VIC":{"price":3,"discountRate":33,"promo":"Any 2 $4","orgPrice":3}},"categoryIds":["c-pantry"],"similarProductIds":[]},{"id":"table-of-plenty-rice-cakes-mini-milk-chocolate","name":"Mini Milk Chocolate Rice Cakes","brand":"Table of Plenty","imageUrls":["https://shop.coles.com.au/wcsstore/Coles-CAS/images/8/2/1/8215780.jpg"],"storeId":"coles","packageSize":"60g","cupPrice":"$4.75 per 100G","locations":{"VIC":{"price":2.85,"discountRate":21,"promo":"","orgPrice":3.6}},"categoryIds":["c-pantry","c-healthy-living"],"similarProductIds":[]},{"id":"tetley-tea-bags-green-decafinated","name":"Decaffeinated Green Tea Bags 50 pack","brand":"Tetley","imageUrls":["https://shop.coles.com.au/wcsstore/Coles-CAS/images/6/3/6/6369740.jpg"],"storeId":"coles","packageSize":"87.5g","cupPrice":"$4.06 per 100G","locations":{"VIC":{"price":3.55,"discountRate":15,"promo":"","orgPrice":4.2}},"categoryIds":["c-pantry","c-drinks"],"similarProductIds":[]},{"id":"the-bar-counter-high-protein-raspberry-truffle","name":"High Protein Raspberry Truffle","brand":"The Bar Counter","imageUrls":["https://shop.coles.com.au/wcsstore/Coles-CAS/images/1/7/5/1751235.jpg"],"storeId":"coles","packageSize":"","cupPrice":"","locations":{"VIC":{"price":2.5,"discountRate":20,"promo":"Any 2 $4","orgPrice":2.5}},"categoryIds":["c-pantry","c-healthy-living"],"similarProductIds":[]},{"id":"the-spice-tailor-thai-gren-curry-3735852p","name":"Thai Green Curry","brand":"The Spice Tailor","imageUrls":["https://shop.coles.com.au/wcsstore/Coles-CAS/images/3/7/3/3735852.jpg"],"storeId":"coles","packageSize":"275g","cupPrice":"$1.82 per 100G","locations":{"VIC":{"price":5,"discountRate":17,"promo":"","orgPrice":6}},"categoryIds":["c-pantry","c-international-foods"],"similarProductIds":[]},{"id":"the-spice-tailor-hyderabad-biriyani","name":"Hyderabad Biriyani","brand":"The Spice Tailor","imageUrls":["https://shop.coles.com.au/wcsstore/Coles-CAS/images/3/7/6/3760485.jpg"],"storeId":"coles","packageSize":"360g","cupPrice":"$1.22 per 100G","locations":{"VIC":{"price":4.4,"discountRate":20,"promo":"","orgPrice":5.5}},"categoryIds":["c-pantry","c-international-foods"],"similarProductIds":[]},{"id":"twinings-classics-tea-bags-english-breakfast-341770p","name":"English Breakfast Tea Bags 10 pack","brand":"Twinings","imageUrls":["https://shop.coles.com.au/wcsstore/Coles-CAS/images/3/4/1/341770.jpg"],"storeId":"coles","packageSize":"20g","cupPrice":"$10.00 per 100G","locations":{"VIC":{"price":2,"discountRate":26,"promo":"","orgPrice":2.7}},"categoryIds":["c-pantry","c-drinks"],"similarProductIds":[]},{"id":"uncle-tobys-muesli-natural-style","name":"Natural Style Muesli","brand":"Uncle Tobys","imageUrls":["https://shop.coles.com.au/wcsstore/Coles-CAS/images/1/3/2/132748.jpg"],"storeId":"coles","packageSize":"1kg","cupPrice":"$0.50 per 100G","locations":{"VIC":{"price":5,"discountRate":33,"promo":"","orgPrice":7.5}},"categoryIds":["c-pantry"],"similarProductIds":[]},{"id":"uncle-tobys-roll-ups-passionfruit","name":"Passionfruit Flavour Roll Ups 6 pack","brand":"Uncle Tobys","imageUrls":["https://shop.coles.com.au/wcsstore/Coles-CAS/images/3/3/8/3387756.jpg"],"storeId":"coles","packageSize":"94g","cupPrice":"$4.26 per 100G","locations":{"VIC":{"price":4,"discountRate":25,"promo":"Any 2 $6","orgPrice":4}},"categoryIds":["c-pantry"],"similarProductIds":[]},{"id":"uncle-tobys-oats-super-blends-almond-cinnamon","name":"Super Blends Protein Oats Rye & Spelt With Almond & Cinnamon","brand":"Uncle Tobys","imageUrls":["https://shop.coles.com.au/wcsstore/Coles-CAS/images/3/4/3/3433128.jpg"],"storeId":"coles","packageSize":"368g","cupPrice":"$1.36 per 100G","locations":{"VIC":{"price":5,"discountRate":28,"promo":"","orgPrice":6.95}},"categoryIds":["c-pantry"],"similarProductIds":[]},{"id":"vittoria-coffee-italian-coffee-capsules","name":"Espressotoria Italian Blend Coffee Capsules 12 pack","brand":"Vittoria","imageUrls":["https://shop.coles.com.au/wcsstore/Coles-CAS/images/2/2/7/2279893.jpg"],"storeId":"coles","packageSize":"78g","cupPrice":"$6.28 per 100G","locations":{"VIC":{"price":4.9,"discountRate":30,"promo":"","orgPrice":7}},"categoryIds":["c-pantry","c-drinks"],"similarProductIds":[]},{"id":"wrigleys-eclipse-ice-chewing-gum-peppermint-sugar-free","name":"Eclipse Sugar Free Peppermint Ice Chewing Gum 4 x 10 Piece Pack","brand":"Wrigley's","imageUrls":["https://shop.coles.com.au/wcsstore/Coles-CAS/images/4/7/1/4719396.jpg"],"storeId":"coles","packageSize":"56g","cupPrice":"$5.00 per 100G","locations":{"VIC":{"price":2.8,"discountRate":20,"promo":"","orgPrice":3.5}},"categoryIds":["c-pantry"],"similarProductIds":[]},{"id":"aeroplane-jelly-crystals-strawberry","name":"Strawberry Jelly Crystals 30% Reduced Sugar","brand":"Aeroplane","imageUrls":["https://shop.coles.com.au/wcsstore/Coles-CAS/images/6/6/0/6607327.jpg"],"storeId":"coles","packageSize":"85g","cupPrice":"$1.18 per 100G","locations":{"VIC":{"price":1,"discountRate":20,"promo":"","orgPrice":1.25}},"categoryIds":["c-pantry"],"similarProductIds":[]},{"id":"arnotts-shapes-crackers-sausage-sizzle","name":"Shapes Crackers Sausage Sizzle","brand":"Arnott's","imageUrls":["https://shop.coles.com.au/wcsstore/Coles-CAS/images/3/6/9/3697120.jpg"],"storeId":"coles","packageSize":"165g","cupPrice":"$1.94 per 100G","locations":{"VIC":{"price":3.2,"discountRate":22,"promo":"Any 2 $5","orgPrice":3.2}},"categoryIds":["c-pantry"],"similarProductIds":[]},{"id":"bsc-high-protein-bar-cookies-cream","name":"Low Carb Cookies & Cream Protein Bar","brand":"BSC","imageUrls":["https://shop.coles.com.au/wcsstore/Coles-CAS/images/3/1/2/3125148.jpg"],"storeId":"coles","packageSize":"60g","cupPrice":"$0.50 per 10G","locations":{"VIC":{"price":3,"discountRate":25,"promo":"","orgPrice":4}},"categoryIds":["c-pantry","c-healthy-living"],"similarProductIds":[]},{"id":"be-natural-bars-nut-delight-4-pack","name":"Nut Delight Protein Snack Bar 4 pack","brand":"Be Natural","imageUrls":["https://shop.coles.com.au/wcsstore/Coles-CAS/images/9/2/0/9202729.jpg"],"storeId":"coles","packageSize":"160g","cupPrice":"$1.25 per 100G","locations":{"VIC":{"price":2,"discountRate":50,"promo":"","orgPrice":4}},"categoryIds":["c-pantry"],"similarProductIds":[]},{"id":"bounce-protein-balls-lemon-coconut","name":"Gluten Free Coconut Lemon Protein Energy Ball","brand":"Bounce","imageUrls":["https://shop.coles.com.au/wcsstore/Coles-CAS/images/3/1/1/3118415.jpg"],"storeId":"coles","packageSize":"40g","cupPrice":"$0.50 per 10G","locations":{"VIC":{"price":2,"discountRate":33,"promo":"","orgPrice":3}},"categoryIds":["c-pantry","c-healthy-living"],"similarProductIds":[]},{"id":"bounce-salted-caramel-keto-bar","name":"Salted Caramel Keto Bar","brand":"Bounce","imageUrls":["https://shop.coles.com.au/wcsstore/Coles-CAS/images/3/7/9/3796290.jpg"],"storeId":"coles","packageSize":"35 GRAM","cupPrice":"","locations":{"VIC":{"price":2,"discountRate":33,"promo":"","orgPrice":3}},"categoryIds":["c-pantry","c-healthy-living"],"similarProductIds":[]},{"id":"csr-golden-syrup-squeeze-bottle","name":"Golden Syrup Squeeze Bottle","brand":"CSR","imageUrls":["https://shop.coles.com.au/wcsstore/Coles-CAS/images/6/1/2/6123750.jpg"],"storeId":"coles","packageSize":"500g","cupPrice":"$0.70 per 100G","locations":{"VIC":{"price":3.5,"discountRate":22,"promo":"","orgPrice":4.5}},"categoryIds":["c-pantry"],"similarProductIds":[]},{"id":"csr-sugar-brown-dark","name":"Dark Brown Sugar","brand":"CSR","imageUrls":["https://shop.coles.com.au/wcsstore/Coles-CAS/images/4/4/7/447829.jpg"],"storeId":"coles","packageSize":"1kg","cupPrice":"$0.33 per 100G","locations":{"VIC":{"price":3.3,"discountRate":18,"promo":"","orgPrice":4}},"categoryIds":["c-pantry"],"similarProductIds":[]},{"id":"csr-sugar-raw-174894p","name":"Raw Sugar","brand":"CSR","imageUrls":["https://shop.coles.com.au/wcsstore/Coles-CAS/images/1/7/4/174894.jpg"],"storeId":"coles","packageSize":"2kg","cupPrice":"$0.13 per 100G","locations":{"VIC":{"price":2.5,"discountRate":21,"promo":"","orgPrice":3.15}},"categoryIds":["c-pantry"],"similarProductIds":[]},{"id":"cadbury-picnic-chocolate-bar","name":"Picnic Chocolate Bar","brand":"Cadbury","imageUrls":["https://shop.coles.com.au/wcsstore/Coles-CAS/images/1/3/6/136556.jpg"],"storeId":"coles","packageSize":"46g","cupPrice":"$1.85 per 100G","locations":{"VIC":{"price":0.85,"discountRate":58,"promo":"","orgPrice":2}},"categoryIds":["c-pantry"],"similarProductIds":[]},{"id":"cadbury-caramello-koala-2395362p","name":"Caramello Koala Chocolate","brand":"Cadbury","imageUrls":["https://shop.coles.com.au/wcsstore/Coles-CAS/images/2/3/9/2395362.jpg"],"storeId":"coles","packageSize":"35g","cupPrice":"$2.86 per 100G","locations":{"VIC":{"price":1,"discountRate":34,"promo":"Any 3 $1.98","orgPrice":1}},"categoryIds":["c-pantry"],"similarProductIds":[]},{"id":"cadbury-bars-dairy-milk-peppermint","name":"Dairy Milk Peppermint Chocolate Bar","brand":"Cadbury","imageUrls":["https://shop.coles.com.au/wcsstore/Coles-CAS/images/3/5/0/3507519.jpg"],"storeId":"coles","packageSize":"55g","cupPrice":"$1.55 per 100G","locations":{"VIC":{"price":0.85,"discountRate":58,"promo":"","orgPrice":2}},"categoryIds":["c-pantry"],"similarProductIds":[]},{"id":"carmans-nut-bars-almond-cashew-cranberry-5-pack","name":"Almond Cashew & Cranberry Nut Bar 5 pack","brand":"Carman's","imageUrls":["https://shop.coles.com.au/wcsstore/Coles-CAS/images/1/0/1/1018362.jpg"],"storeId":"coles","packageSize":"175g","cupPrice":"$1.71 per 100G","locations":{"VIC":{"price":3,"discountRate":50,"promo":"","orgPrice":6}},"categoryIds":["c-pantry"],"similarProductIds":[]},{"id":"carmans-dark-choc-espresso-nut-bars-5-pack","name":"Dark Choc Espresso Nut Bar 5 pack","brand":"Carman's","imageUrls":["https://shop.coles.com.au/wcsstore/Coles-CAS/images/1/9/0/1905237.jpg"],"storeId":"coles","packageSize":"160g","cupPrice":"$1.88 per 100G","locations":{"VIC":{"price":3,"discountRate":50,"promo":"","orgPrice":6}},"categoryIds":["c-pantry"],"similarProductIds":[]},{"id":"carmans-protein-bar-cokies-cream","name":"Cookies & Cream Protein Bars 5 Pack","brand":"Carman's","imageUrls":["https://shop.coles.com.au/wcsstore/Coles-CAS/images/3/7/8/3786900.jpg"],"storeId":"coles","packageSize":"200g","cupPrice":"$1.58 per 100G","locations":{"VIC":{"price":3.15,"discountRate":50,"promo":"","orgPrice":6.3}},"categoryIds":["c-pantry"],"similarProductIds":[]},{"id":"changs-sesame-oil","name":"Pure Sesame Oil","brand":"Changs","imageUrls":["https://shop.coles.com.au/wcsstore/Coles-CAS/images/5/0/9/5099093.jpg"],"storeId":"coles","packageSize":"150mL","cupPrice":"$2.00 per 100mL","locations":{"VIC":{"price":3,"discountRate":18,"promo":"","orgPrice":3.65}},"categoryIds":["c-pantry"],"similarProductIds":[]},{"id":"chupa-chups-lollipops-single","name":"Lollipop","brand":"Chupa Chups","imageUrls":["https://shop.coles.com.au/wcsstore/Coles-CAS/images/6/0/4/6043447.jpg"],"storeId":"coles","packageSize":"12g","cupPrice":"$4.17 per 100G","locations":{"VIC":{"price":0.5,"discountRate":34,"promo":"3 for $0.99","orgPrice":0.5}},"categoryIds":["c-pantry"],"similarProductIds":[]},{"id":"continental-recipe-mix-creamy-tuna-mornay","name":"Creamy Tuna Mornay Recipe Base Serves 4","brand":"Continental","imageUrls":["https://shop.coles.com.au/wcsstore/Coles-CAS/images/9/4/7/9475040.jpg"],"storeId":"coles","packageSize":"30g","cupPrice":"$5.33 per 100G","locations":{"VIC":{"price":1.6,"discountRate":9,"promo":"Any 2 $2.90","orgPrice":1.6}},"categoryIds":["c-pantry"],"similarProductIds":[]},{"id":"darrell-lea-milk-block-raspberry-rocklea-road","name":"Milk Chocolate Raspberry Rocklea Road Block","brand":"Darrell Lea","imageUrls":["https://shop.coles.com.au/wcsstore/Coles-CAS/images/3/7/5/3759635.jpg"],"storeId":"coles","packageSize":"180g","cupPrice":"$1.39 per 100G","locations":{"VIC":{"price":2.5,"discountRate":50,"promo":"","orgPrice":5}},"categoryIds":["c-pantry"],"similarProductIds":[]},{"id":"dolmio-pasta-sauce-creamy-mushroom-1274486p","name":"Creamy Mushroom Pasta Sauce","brand":"Dolmio","imageUrls":["https://shop.coles.com.au/wcsstore/Coles-CAS/images/1/2/7/1274486.jpg"],"storeId":"coles","packageSize":"490g","cupPrice":"$0.51 per 100G","locations":{"VIC":{"price":2.5,"discountRate":24,"promo":"","orgPrice":3.29}},"categoryIds":["c-pantry"],"similarProductIds":[]},{"id":"dolmio-extra-pasta-sauce-italian-herb","name":"Extra Italian Herb Pasta Sauce","brand":"Dolmio","imageUrls":["https://shop.coles.com.au/wcsstore/Coles-CAS/images/1/2/7/1274420.jpg"],"storeId":"coles","packageSize":"500g","cupPrice":"$0.50 per 100G","locations":{"VIC":{"price":2.5,"discountRate":24,"promo":"","orgPrice":3.29}},"categoryIds":["c-pantry"],"similarProductIds":[]},{"id":"dose-co-dairy-fre-creamer-caramel","name":"Dairy Free Creamer Caramel","brand":"Dose & Co.","imageUrls":["https://shop.coles.com.au/wcsstore/Coles-CAS/images/3/7/9/3792685.jpg"],"storeId":"coles","packageSize":"340g","cupPrice":"$9.88 per 100G","locations":{"VIC":{"price":33.6,"discountRate":20,"promo":"","orgPrice":42}},"categoryIds":["c-pantry","c-healthy-living"],"similarProductIds":[]},{"id":"edgell-beetroot-sliced-131563p","name":"Sliced Beetroot","brand":"Edgell","imageUrls":["https://shop.coles.com.au/wcsstore/Coles-CAS/images/1/3/1/131563.jpg"],"storeId":"coles","packageSize":"425g","cupPrice":"$2.35 per 1Kg","locations":{"VIC":{"price":1,"discountRate":33,"promo":"","orgPrice":1.5}},"categoryIds":["c-pantry"],"similarProductIds":[]},{"id":"edgell-beans-mix-mexican","name":"Mexican Mix Beans","brand":"Edgell","imageUrls":["https://shop.coles.com.au/wcsstore/Coles-CAS/images/3/1/8/3185718.jpg"],"storeId":"coles","packageSize":"400g","cupPrice":"$2.50 per 1Kg","locations":{"VIC":{"price":1,"discountRate":33,"promo":"","orgPrice":1.5}},"categoryIds":["c-pantry"],"similarProductIds":[]},{"id":"edgell-pouch-no-drain-beans-black","name":"Black Beans Pouch","brand":"Edgell","imageUrls":["https://shop.coles.com.au/wcsstore/Coles-CAS/images/3/5/3/3535296.jpg"],"storeId":"coles","packageSize":"100g","cupPrice":"$10.00 per 1Kg","locations":{"VIC":{"price":1,"discountRate":33,"promo":"","orgPrice":1.5}},"categoryIds":["c-pantry"],"similarProductIds":[]},{"id":"fantastic-noodles-bowl-beef","name":"Beef Noodles Bowl","brand":"Fantastic","imageUrls":["https://shop.coles.com.au/wcsstore/Coles-CAS/images/6/9/8/6988355.jpg"],"storeId":"coles","packageSize":"85g","cupPrice":"$0.94 per 100G","locations":{"VIC":{"price":0.8,"discountRate":50,"promo":"","orgPrice":1.6}},"categoryIds":["c-pantry"],"similarProductIds":[]},{"id":"food-for-health-bar-fruit-free","name":"Fruit Free Bar","brand":"Food for Health","imageUrls":["https://shop.coles.com.au/wcsstore/Coles-CAS/images/7/8/8/7881700.jpg"],"storeId":"coles","packageSize":"150g","cupPrice":"$3.73 per 100G","locations":{"VIC":{"price":5.6,"discountRate":20,"promo":"","orgPrice":7}},"categoryIds":["c-pantry","c-healthy-living"],"similarProductIds":[]},{"id":"heritage-mill-muesli-verry-berry-toasted","name":"Heritage Mill Very Berry Toasted Muesli","brand":"Freedom Foods","imageUrls":["https://shop.coles.com.au/wcsstore/Coles-CAS/images/3/2/1/3212005.jpg"],"storeId":"coles","packageSize":"1kg","cupPrice":"$0.49 per 100G","locations":{"VIC":{"price":4.9,"discountRate":30,"promo":"","orgPrice":7}},"categoryIds":["c-pantry"],"similarProductIds":[]},{"id":"heritage-mill-clusters-apple-crumble","name":"Heritage Mill Apple Crumble Clusters","brand":"Freedom Foods","imageUrls":["https://shop.coles.com.au/wcsstore/Coles-CAS/images/3/2/1/3211931.jpg"],"storeId":"coles","packageSize":"1kg","cupPrice":"$0.49 per 100G","locations":{"VIC":{"price":4.9,"discountRate":30,"promo":"","orgPrice":7}},"categoryIds":["c-pantry"],"similarProductIds":[]},{"id":"heritage-mill-clusters-sea-salted-caramel","name":"Heritage Mill Salted Caramel Hazelnut Clusters","brand":"Freedom Foods","imageUrls":["https://shop.coles.com.au/wcsstore/Coles-CAS/images/3/3/6/3367453.jpg"],"storeId":"coles","packageSize":"1 kg","cupPrice":"$0.49 per 100G","locations":{"VIC":{"price":4.9,"discountRate":30,"promo":"","orgPrice":7}},"categoryIds":["c-pantry"],"similarProductIds":[]},{"id":"golden-days-apricot-delight-pieces","name":"Apricot Delight Pieces","brand":"Golden Days","imageUrls":["https://shop.coles.com.au/wcsstore/Coles-CAS/images/5/2/1/5219162.jpg"],"storeId":"coles","packageSize":"150g","cupPrice":"$1.27 per 100G","locations":{"VIC":{"price":1.9,"discountRate":21,"promo":"","orgPrice":2.4}},"categoryIds":["c-pantry","c-healthy-living"],"similarProductIds":[]},{"id":"green-blacks-velvet-block-orange-almond","name":"Orange & Almond Smooth Dark Chocolate","brand":"Green & Black's","imageUrls":["https://shop.coles.com.au/wcsstore/Coles-CAS/images/3/4/6/3466477.jpg"],"storeId":"coles","packageSize":"90g","cupPrice":"$3.33 per 100G","locations":{"VIC":{"price":3,"discountRate":29,"promo":"","orgPrice":4.25}},"categoryIds":["c-pantry"],"similarProductIds":[]},{"id":"greens-maple-flavoured-syrup-squeezable","name":"Squeezable Maple Flavoured Syrup","brand":"Green's","imageUrls":["https://shop.coles.com.au/wcsstore/Coles-CAS/images/6/3/1/6318498.jpg"],"storeId":"coles","packageSize":"375g","cupPrice":"$0.59 per 100G","locations":{"VIC":{"price":2.2,"discountRate":31,"promo":"","orgPrice":3.2}},"categoryIds":["c-pantry"],"similarProductIds":[]},{"id":"greens-cake-mix-traditional-zesty-orange","name":"Traditional Zesty Orange Cake Mix","brand":"Green's","imageUrls":["https://shop.coles.com.au/wcsstore/Coles-CAS/images/7/5/7/7570710.jpg"],"storeId":"coles","packageSize":"470g","cupPrice":"$0.47 per 100G","locations":{"VIC":{"price":2.2,"discountRate":20,"promo":"","orgPrice":2.75}},"categoryIds":["c-pantry"],"similarProductIds":[]},{"id":"greens-gluten-free-pancake-mix","name":"Gluten Free Pancake Mix","brand":"Green's","imageUrls":["https://shop.coles.com.au/wcsstore/Coles-CAS/images/2/5/1/2516730.jpg"],"storeId":"coles","packageSize":"300g","cupPrice":"$0.73 per 100G","locations":{"VIC":{"price":2.2,"discountRate":24,"promo":"","orgPrice":2.9000000000000004}},"categoryIds":["c-pantry","c-healthy-living"],"similarProductIds":[]},{"id":"greens-cake-in-cup-choc-mud-cake","name":"Cake Break Chocolate Mud Cake","brand":"Green's","imageUrls":["https://shop.coles.com.au/wcsstore/Coles-CAS/images/3/1/8/3184737.jpg"],"storeId":"coles","packageSize":"60g","cupPrice":"$3.33 per 100G","locations":{"VIC":{"price":2,"discountRate":20,"promo":"","orgPrice":2.5}},"categoryIds":["c-pantry"],"similarProductIds":[]},{"id":"hoyts-parsley","name":"Parsley","brand":"Hoyts","imageUrls":["https://shop.coles.com.au/wcsstore/Coles-CAS/images/5/2/6/5269921.jpg"],"storeId":"coles","packageSize":"40g","cupPrice":"$0.74 per 10G","locations":{"VIC":{"price":2.95,"discountRate":11,"promo":"","orgPrice":3.3000000000000003}},"categoryIds":["c-pantry"],"similarProductIds":[]},{"id":"hoyts-oregano","name":"Oregano","brand":"Hoyts","imageUrls":["https://shop.coles.com.au/wcsstore/Coles-CAS/images/5/2/6/5269874.jpg"],"storeId":"coles","packageSize":"60g","cupPrice":"$0.41 per 10G","locations":{"VIC":{"price":2.45,"discountRate":11,"promo":"","orgPrice":2.75}},"categoryIds":["c-pantry"],"similarProductIds":[]},{"id":"jarrah-special-honey-almond-latte","name":"Extra Special Honey & Almond Latte","brand":"Jarrah","imageUrls":["https://shop.coles.com.au/wcsstore/Coles-CAS/images/3/7/5/3756659.jpg"],"storeId":"coles","packageSize":"210g","cupPrice":"$2.38 per 100G","locations":{"VIC":{"price":5,"discountRate":17,"promo":"","orgPrice":6}},"categoryIds":["c-pantry","c-drinks"],"similarProductIds":[]},{"id":"john-west-tempters-tuna-mango-chilli","name":"Tempters Mango Chilli Tuna","brand":"John West","imageUrls":["https://shop.coles.com.au/wcsstore/Coles-CAS/images/5/2/6/5263889.jpg"],"storeId":"coles","packageSize":"95g","cupPrice":"$12.11 per 1Kg","locations":{"VIC":{"price":1.15,"discountRate":50,"promo":"","orgPrice":2.3}},"categoryIds":["c-pantry"],"similarProductIds":[]},{"id":"john-west-tuna-in-springwater","name":"Chunk Style Tuna in Springwater","brand":"John West","imageUrls":["https://shop.coles.com.au/wcsstore/Coles-CAS/images/5/0/7/5079802.jpg"],"storeId":"coles","packageSize":"425g","cupPrice":"$10.59 per 1Kg","locations":{"VIC":{"price":4.5,"discountRate":22,"promo":"","orgPrice":5.75}},"categoryIds":["c-pantry"],"similarProductIds":[]},{"id":"john-west-salmon-skinless-boneless-in-springwater","name":"Skinless Boneless Salmon in Springwater","brand":"John West","imageUrls":["https://shop.coles.com.au/wcsstore/Coles-CAS/images/9/6/4/9641650.jpg"],"storeId":"coles","packageSize":"130g","cupPrice":"$20.77 per 1Kg","locations":{"VIC":{"price":2.7,"discountRate":18,"promo":"","orgPrice":3.3000000000000003}},"categoryIds":["c-pantry"],"similarProductIds":[]},{"id":"kantong-sauce-stir-fry-butter-chicken","name":"Butter Chicken Cooking Sauce","brand":"Kan Tong","imageUrls":["https://shop.coles.com.au/wcsstore/Coles-CAS/images/1/2/7/1279865.jpg"],"storeId":"coles","packageSize":"485g","cupPrice":"$0.68 per 100G","locations":{"VIC":{"price":3.3,"discountRate":9,"promo":"Any 2 $6","orgPrice":3.3}},"categoryIds":["c-pantry"],"similarProductIds":[]},{"id":"kantong--sticky-chicken-honey-soy-garlic-sauce","name":"Soy Honey & Garlic Sauce","brand":"Kan Tong Sticky Chicken","imageUrls":["https://shop.coles.com.au/wcsstore/Coles-CAS/images/2/3/5/2352541.jpg"],"storeId":"coles","packageSize":"175g","cupPrice":"$1.66 per 100G","locations":{"VIC":{"price":2.9,"discountRate":14,"promo":"Any 2 $5","orgPrice":2.9}},"categoryIds":["c-pantry","c-international-foods"],"similarProductIds":[]},{"id":"keep-it-cleaner-bliss-balls-peppermint-slice","name":"Bliss Balls Peppermint Slice","brand":"Keep It Cleaner","imageUrls":["https://shop.coles.com.au/wcsstore/Coles-CAS/images/3/5/2/3521360.jpg"],"storeId":"coles","packageSize":"40g","cupPrice":"$6.25 per 100mL","locations":{"VIC":{"price":2.5,"discountRate":20,"promo":"Any 2 $4","orgPrice":2.5}},"categoryIds":["c-pantry","c-healthy-living"],"similarProductIds":[]},{"id":"kelloggs-lcms-split-stix-yoghurty-rice-bubbles","name":"LCMs Yoghurty Split Stix Puffed Rice Snack Bars 6 pack","brand":"Kellogg's","imageUrls":["https://shop.coles.com.au/wcsstore/Coles-CAS/images/6/6/4/6642805.jpg"],"storeId":"coles","packageSize":"138g","cupPrice":"$1.45 per 100G","locations":{"VIC":{"price":2,"discountRate":50,"promo":"","orgPrice":4}},"categoryIds":["c-pantry"],"similarProductIds":[]},{"id":"kettle-flat-bread-crackers-burnt-fig","name":"Burnt Fig Flat Bread Crackers","brand":"Kettle","imageUrls":["https://shop.coles.com.au/wcsstore/Coles-CAS/images/3/4/9/3496467.jpg"],"storeId":"coles","packageSize":"150g","cupPrice":"$3.00 per 100G","locations":{"VIC":{"price":4.5,"discountRate":22,"promo":"Any 2 $7","orgPrice":4.5}},"categoryIds":["c-pantry"],"similarProductIds":[]},{"id":"natural-peanut-butter-bar-choc-chip-crunch-30g","name":"Natural Peanut Butter Bar Choc Chip Crunch","brand":"Koja","imageUrls":["https://shop.coles.com.au/wcsstore/Coles-CAS/images/3/4/9/3499829.jpg"],"storeId":"coles","packageSize":"30g","cupPrice":"$9.83 per 100G","locations":{"VIC":{"price":2.95,"discountRate":16,"promo":"","orgPrice":3.5}},"categoryIds":["c-pantry","c-healthy-living"],"similarProductIds":[]},{"id":"lavazza-espresso-barista-perfetto-beans","name":"Espresso Barista Perfetto Beans","brand":"Lavazza","imageUrls":["https://shop.coles.com.au/wcsstore/Coles-CAS/images/3/7/5/3756502.jpg"],"storeId":"coles","packageSize":"1kg","cupPrice":"$2.00 per 100G","locations":{"VIC":{"price":20,"discountRate":43,"promo":"","orgPrice":35}},"categoryIds":["c-pantry","c-drinks"],"similarProductIds":[]},{"id":"lipton-jasmine-green-tea","name":"Jasmine Green Tea Bags","brand":"Lipton","imageUrls":["https://shop.coles.com.au/wcsstore/Coles-CAS/images/2/6/1/2613725.jpg"],"storeId":"coles","packageSize":"40 pack","cupPrice":"$0.08 per 1Ea","locations":{"VIC":{"price":3,"discountRate":40,"promo":"","orgPrice":5}},"categoryIds":["c-pantry","c-drinks"],"similarProductIds":[]},{"id":"lipton-english-breakfast-tea","name":"English Breakfast Black Tea Bags","brand":"Lipton","imageUrls":["https://shop.coles.com.au/wcsstore/Coles-CAS/images/3/0/8/3081315.jpg"],"storeId":"coles","packageSize":"100 pack","cupPrice":"$0.04 per 1Ea","locations":{"VIC":{"price":3.5,"discountRate":30,"promo":"","orgPrice":5}},"categoryIds":["c-pantry","c-drinks"],"similarProductIds":[]},{"id":"lucky-almonds-flaked-6016127p","name":"Flaked Almonds","brand":"Lucky","imageUrls":["https://shop.coles.com.au/wcsstore/Coles-CAS/images/6/0/1/6016127.jpg"],"storeId":"coles","packageSize":"110g","cupPrice":"$36.36 per 1Kg","locations":{"VIC":{"price":4,"discountRate":20,"promo":"","orgPrice":5}},"categoryIds":["c-pantry"],"similarProductIds":[]},{"id":"maggi-world-flavours-herb-potatoes-meal-base","name":"Dry Recipe Base Gluten Free Herb Potatoes","brand":"Maggi","imageUrls":["https://shop.coles.com.au/wcsstore/Coles-CAS/images/1/8/7/1870176.jpg"],"storeId":"coles","packageSize":"43g","cupPrice":"$3.49 per 100G","locations":{"VIC":{"price":1.5,"discountRate":11,"promo":"Any 3 $3.99","orgPrice":1.5}},"categoryIds":["c-pantry"],"similarProductIds":[]},{"id":"maggi-dry-recipe-base-satay-chicken","name":"Dry Recipe Base Gluten Free Satay Chicken","brand":"Maggi","imageUrls":["https://shop.coles.com.au/wcsstore/Coles-CAS/images/2/7/1/2715099.jpg"],"storeId":"coles","packageSize":"43g","cupPrice":"$3.49 per 100G","locations":{"VIC":{"price":1.5,"discountRate":11,"promo":"Any 3 $3.99","orgPrice":1.5}},"categoryIds":["c-pantry"],"similarProductIds":[]},{"id":"maggi-beef-goulash-dry-recipe-base","name":"Dry Recipe Base Beef Goulash","brand":"Maggi","imageUrls":["https://shop.coles.com.au/wcsstore/Coles-CAS/images/2/7/1/2715102.jpg"],"storeId":"coles","packageSize":"33g","cupPrice":"$4.55 per 100G","locations":{"VIC":{"price":1.5,"discountRate":11,"promo":"Any 3 $3.99","orgPrice":1.5}},"categoryIds":["c-pantry"],"similarProductIds":[]},{"id":"maggi-veg-sensation-three-cheese-potato-bake","name":"Veg Sensations Three Cheese Potato Bake","brand":"Maggi","imageUrls":["https://shop.coles.com.au/wcsstore/Coles-CAS/images/2/9/7/2978972.jpg"],"storeId":"coles","packageSize":"21g","cupPrice":"$7.14 per 100G","locations":{"VIC":{"price":1.5,"discountRate":11,"promo":"Any 3 $3.99","orgPrice":1.5}},"categoryIds":["c-pantry"],"similarProductIds":[]},{"id":"maggi-stir-fry-creations-pad-thai","name":"Stir Fry Creations Pad Thai","brand":"Maggi","imageUrls":["https://shop.coles.com.au/wcsstore/Coles-CAS/images/3/7/6/3768534.jpg"],"storeId":"coles","packageSize":"150g","cupPrice":"$1.80 per 100G","locations":{"VIC":{"price":2.7,"discountRate":10,"promo":"","orgPrice":3}},"categoryIds":["c-pantry"],"similarProductIds":[]},{"id":"majans-infuzions-prawn-crackers-multipack","name":"Infuzions Veggie Straws Multipack 5x15g","brand":"Majans","imageUrls":["https://shop.coles.com.au/wcsstore/Coles-CAS/images/3/1/5/3151308.jpg"],"storeId":"coles","packageSize":"75g","cupPrice":"$4.27 per 100G","locations":{"VIC":{"price":3.2,"discountRate":22,"promo":"Any 2 $5","orgPrice":3.2}},"categoryIds":["c-pantry"],"similarProductIds":[]},{"id":"masterfoods-chilli-con-carne","name":"Master Mix Chilli Con Carne Recipe Base","brand":"MasterFoods","imageUrls":["https://shop.coles.com.au/wcsstore/Coles-CAS/images/9/1/8/9182075.jpg"],"storeId":"coles","packageSize":"40g","cupPrice":"$5.50 per 100G","locations":{"VIC":{"price":2.2,"discountRate":9,"promo":"Any 3 $6","orgPrice":2.2}},"categoryIds":["c-pantry"],"similarProductIds":[]},{"id":"masterfoods-traditional-garlic-sauce","name":"Garlic Kebab Sauce","brand":"MasterFoods","imageUrls":["https://shop.coles.com.au/wcsstore/Coles-CAS/images/3/5/0/3501512.jpg"],"storeId":"coles","packageSize":"250mL","cupPrice":"$1.26 per 100mL","locations":{"VIC":{"price":3.15,"discountRate":21,"promo":"Any 2 $5","orgPrice":3.15}},"categoryIds":["c-pantry"],"similarProductIds":[]},{"id":"mayvers-high-protein-peanut-butter","name":"High Protein Peanut Butter","brand":"Mayver's","imageUrls":["https://shop.coles.com.au/wcsstore/Coles-CAS/images/2/8/9/2897371.jpg"],"storeId":"coles","packageSize":"375g","cupPrice":"$1.07 per 100G","locations":{"VIC":{"price":4,"discountRate":27,"promo":"","orgPrice":5.5}},"categoryIds":["c-pantry"],"similarProductIds":[]},{"id":"musashi-delux-protein-peanut-crunch","name":"Deluxe High Protein Peanut Crunch","brand":"Musashi","imageUrls":["https://shop.coles.com.au/wcsstore/Coles-CAS/images/3/3/9/3398796.jpg"],"storeId":"coles","packageSize":"60g","cupPrice":"$5.00 per 100G","locations":{"VIC":{"price":3,"discountRate":25,"promo":"","orgPrice":4}},"categoryIds":["c-pantry","c-healthy-living"],"similarProductIds":[]},{"id":"mutti-pesto-style-orange-stir-throuh-sauce","name":"Pesto Style Stir Through Sauce Orange Tomato","brand":"Mutti","imageUrls":["https://shop.coles.com.au/wcsstore/Coles-CAS/images/3/5/9/3591333.jpg"],"storeId":"coles","packageSize":"280g","cupPrice":"$0.89 per 100G","locations":{"VIC":{"price":2.5,"discountRate":50,"promo":"","orgPrice":5}},"categoryIds":["c-pantry"],"similarProductIds":[]},{"id":"natural-chip-co-corn-chips-lime-chilli","name":"Lime & Chilli Tortilla Strips","brand":"Natural Chip Co.","imageUrls":["https://shop.coles.com.au/wcsstore/Coles-CAS/images/3/5/7/3574120.jpg"],"storeId":"coles","packageSize":"175g","cupPrice":"$1.71 per 100G","locations":{"VIC":{"price":3,"discountRate":14,"promo":"","orgPrice":3.5}},"categoryIds":["c-pantry"],"similarProductIds":[]},{"id":"nerada-tea-bags-teacup-496507p","name":"Tea Bags 100 pack","brand":"Nerada","imageUrls":["https://shop.coles.com.au/wcsstore/Coles-CAS/images/4/9/6/496507.jpg"],"storeId":"coles","packageSize":"200g","cupPrice":"$1.63 per 100G","locations":{"VIC":{"price":3.25,"discountRate":31,"promo":"","orgPrice":4.7}},"categoryIds":["c-pantry","c-drinks"],"similarProductIds":[]},{"id":"nestle-chocolate-milk-cookies","name":"Milkybar with Baked Cookies Chocolate Block","brand":"Nestle","imageUrls":["https://shop.coles.com.au/wcsstore/Coles-CAS/images/8/1/8/8189705.jpg"],"storeId":"coles","packageSize":"180g","cupPrice":"$1.67 per 100G","locations":{"VIC":{"price":3,"discountRate":33,"promo":"","orgPrice":4.5}},"categoryIds":["c-pantry"],"similarProductIds":[]},{"id":"nestle-plaistowe-classic-milk-cooking-chocolate","name":"Plaistowe Milk Chocolate Block","brand":"Nestle","imageUrls":["https://shop.coles.com.au/wcsstore/Coles-CAS/images/9/5/3/9536076.jpg"],"storeId":"coles","packageSize":"200g","cupPrice":"$1.50 per 100G","locations":{"VIC":{"price":3,"discountRate":25,"promo":"","orgPrice":4}},"categoryIds":["c-pantry"],"similarProductIds":[]},{"id":"nice-natural-nut-bar-choc-apricot","name":"Sweet & Salty Roasted Nut Bars 6 pack","brand":"Nice & Natural","imageUrls":["https://shop.coles.com.au/wcsstore/Coles-CAS/images/1/0/1/1018271.jpg"],"storeId":"coles","packageSize":"192g","cupPrice":"$2.08 per 100G","locations":{"VIC":{"price":4,"discountRate":25,"promo":"Any 2 $6","orgPrice":4}},"categoryIds":["c-pantry"],"similarProductIds":[]},{"id":"nice-and-natural-nut-bar-yoghurt-trail-mix","name":"Trail Mix Roasted Nut Bars 6 pack","brand":"Nice & Natural","imageUrls":["https://shop.coles.com.au/wcsstore/Coles-CAS/images/1/0/1/1018260.jpg"],"storeId":"coles","packageSize":"192g","cupPrice":"$2.08 per 100G","locations":{"VIC":{"price":4,"discountRate":25,"promo":"Any 2 $6","orgPrice":4}},"categoryIds":["c-pantry"],"similarProductIds":[]},{"id":"nice-natural-nutritional-snacks-superfruits---cranberry-blueberry-strawberry-6-pack","name":"Cranberry & Blueberry Flavour Superfruits Muesli Bars 6 pack","brand":"Nice & Natural","imageUrls":["https://shop.coles.com.au/wcsstore/Coles-CAS/images/1/2/5/1250626.jpg"],"storeId":"coles","packageSize":"180g","cupPrice":"$2.22 per 100G","locations":{"VIC":{"price":4,"discountRate":25,"promo":"Any 2 $6","orgPrice":4}},"categoryIds":["c-pantry"],"similarProductIds":[]},{"id":"nice-natural--roasted-choc-apricot-nut-bar","name":"Chocolate Peanut Apricot Bars 6 Pack","brand":"Nice & Natural","imageUrls":["https://shop.coles.com.au/wcsstore/Coles-CAS/images/2/6/0/2605931.jpg"],"storeId":"coles","packageSize":"180g","cupPrice":"$2.22 per 100G","locations":{"VIC":{"price":4,"discountRate":25,"promo":"Any 2 $6","orgPrice":4}},"categoryIds":["c-pantry"],"similarProductIds":[]},{"id":"noshu-choc-baking-chips","name":"98% Sugar Free Choc Baking Chips","brand":"Noshu","imageUrls":["https://shop.coles.com.au/wcsstore/Coles-CAS/images/3/5/9/3591479.jpg"],"storeId":"coles","packageSize":"150g","cupPrice":"$2.33 per 100G","locations":{"VIC":{"price":3.5,"discountRate":13,"promo":"","orgPrice":4}},"categoryIds":["c-pantry"],"similarProductIds":[]},{"id":"nutella-chocolate-hazelnut-spread","name":"Hazelnut Chocolate Spread","brand":"Nutella","imageUrls":["https://shop.coles.com.au/wcsstore/Coles-CAS/images/6/6/9/6690772.jpg"],"storeId":"coles","packageSize":"750g","cupPrice":"$0.93 per 100G","locations":{"VIC":{"price":7,"discountRate":20,"promo":"","orgPrice":8.75}},"categoryIds":["c-pantry"],"similarProductIds":[]},{"id":"oreo-chocolate-cr%C3%A8me-biscuits","name":"Creme Biscuits Chocolate","brand":"Oreo","imageUrls":["https://shop.coles.com.au/wcsstore/Coles-CAS/images/2/7/1/2710481.jpg"],"storeId":"coles","packageSize":"137g","cupPrice":"$1.13 per 100G","locations":{"VIC":{"price":1.5,"discountRate":25,"promo":"","orgPrice":2}},"categoryIds":["c-pantry"],"similarProductIds":[]},{"id":"passage-to-india-extra-mild-butter-chicken-simmer-sauce","name":"Passage To India Butter Chicken Simmer Sauce Pouch Extra Mild","brand":"Passage Foods","imageUrls":["https://shop.coles.com.au/wcsstore/Coles-CAS/images/2/3/6/2360991.jpg"],"storeId":"coles","packageSize":"375g","cupPrice":"$0.87 per 100G","locations":{"VIC":{"price":3.25,"discountRate":31,"promo":"","orgPrice":4.7}},"categoryIds":["c-pantry","c-international-foods"],"similarProductIds":[]},{"id":"red-rock-deli-deluxe-cheddar-onion-rosemary-3569083p","name":"Vintage Cheddar Caramelised Onion & Rosemary Oil Deluxe Crisps","brand":"Red Rock Deli","imageUrls":["https://shop.coles.com.au/wcsstore/Coles-CAS/images/3/5/6/3569083.jpg"],"storeId":"coles","packageSize":"135g","cupPrice":"$2.22 per 100G","locations":{"VIC":{"price":3,"discountRate":33,"promo":"","orgPrice":4.5}},"categoryIds":["c-pantry"],"similarProductIds":[]},{"id":"robert-timms-coffee-bags-mocha-kenya-style","name":"Mocha Kenya Style Coffee Bags 28 pack","brand":"Robert Timms","imageUrls":["https://shop.coles.com.au/wcsstore/Coles-CAS/images/5/6/9/5698633.jpg"],"storeId":"coles","packageSize":"160g","cupPrice":"$0.03 per 1G","locations":{"VIC":{"price":4.82,"discountRate":50,"promo":"","orgPrice":9.65}},"categoryIds":["c-pantry","c-drinks"],"similarProductIds":[]},{"id":"san-remo-pasta-spelt-sprial","name":"Spelt Spiral Pasta","brand":"San Remo","imageUrls":["https://shop.coles.com.au/wcsstore/Coles-CAS/images/1/5/8/1586117.jpg"],"storeId":"coles","packageSize":"250g","cupPrice":"$1.40 per 100G","locations":{"VIC":{"price":3.5,"discountRate":17,"promo":"","orgPrice":4.2}},"categoryIds":["c-pantry"],"similarProductIds":[]},{"id":"sandhurst-olives-kalamata-pitted","name":"Pitted Kalamata Olives","brand":"Sandhurst","imageUrls":["https://shop.coles.com.au/wcsstore/Coles-CAS/images/5/8/5/5851151.jpg"],"storeId":"coles","packageSize":"500g","cupPrice":"$8.80 per 1Kg","locations":{"VIC":{"price":4.4,"discountRate":8,"promo":"","orgPrice":4.800000000000001}},"categoryIds":["c-pantry"],"similarProductIds":[]},{"id":"saxa-iodised-sea-salt-flakes","name":"Iodised Sea Salt Flakes","brand":"Saxa","imageUrls":["https://shop.coles.com.au/wcsstore/Coles-CAS/images/7/8/9/7890380.jpg"],"storeId":"coles","packageSize":"200g","cupPrice":"$0.32 per 10G","locations":{"VIC":{"price":6.4,"discountRate":20,"promo":"","orgPrice":8}},"categoryIds":["c-pantry"],"similarProductIds":[]},{"id":"spam-spiced-ham-lite-5229257p","name":"Lite Spiced Ham","brand":"Spam","imageUrls":["https://shop.coles.com.au/wcsstore/Coles-CAS/images/5/2/2/5229257.jpg"],"storeId":"coles","packageSize":"340g","cupPrice":"$11.76 per 1Kg","locations":{"VIC":{"price":4,"discountRate":27,"promo":"","orgPrice":5.5}},"categoryIds":["c-pantry"],"similarProductIds":[]},{"id":"starbucks-caffe-verona-capsules","name":"By Nespresso Caffe Verona Capsules","brand":"Starbucks","imageUrls":["https://shop.coles.com.au/wcsstore/Coles-CAS/images/3/6/1/3613083.jpg"],"storeId":"coles","packageSize":"10 pack","cupPrice":"$0.50 per 1Ea","locations":{"VIC":{"price":5,"discountRate":28,"promo":"","orgPrice":6.9}},"categoryIds":["c-pantry","c-drinks"],"similarProductIds":[]},{"id":"starbucks-pike-place-beans","name":"Pike Place Beans","brand":"Starbucks","imageUrls":["https://shop.coles.com.au/wcsstore/Coles-CAS/images/3/7/7/3771619.jpg"],"storeId":"coles","packageSize":"200g","cupPrice":"$3.15 per 100G","locations":{"VIC":{"price":6.3,"discountRate":30,"promo":"","orgPrice":9}},"categoryIds":["c-pantry","c-drinks"],"similarProductIds":[]},{"id":"sunsweet-prunes-pitted-preservative-free","name":"Dried Pitted Prunes","brand":"Sunsweet","imageUrls":["https://shop.coles.com.au/wcsstore/Coles-CAS/images/6/3/2/6325700.jpg"],"storeId":"coles","packageSize":"200g","cupPrice":"$14.50 per 1Kg","locations":{"VIC":{"price":2.9,"discountRate":19,"promo":"","orgPrice":3.5999999999999996}},"categoryIds":["c-pantry"],"similarProductIds":[]},{"id":"table-of-plenty-dukkah-lemon-herb","name":"Dukkah Lemon & Herb Spice Mix","brand":"Table Of Plenty","imageUrls":["https://shop.coles.com.au/wcsstore/Coles-CAS/images/7/1/2/7123100.jpg"],"storeId":"coles","packageSize":"45g","cupPrice":"$0.67 per 10G","locations":{"VIC":{"price":3,"discountRate":17,"promo":"","orgPrice":3.6}},"categoryIds":["c-pantry"],"similarProductIds":[]},{"id":"the-bar-counter-high-protein-dark-chocolate-almond","name":"High Protein Dark Chocolate & Almond","brand":"The Bar Counter","imageUrls":["https://shop.coles.com.au/wcsstore/Coles-CAS/images/1/7/5/1751224.jpg"],"storeId":"coles","packageSize":"","cupPrice":"","locations":{"VIC":{"price":2.5,"discountRate":20,"promo":"Any 2 $4","orgPrice":2.5}},"categoryIds":["c-pantry","c-healthy-living"],"similarProductIds":[]},{"id":"the-sosoft-marshmallow-co-jumbo-roasters","name":"Ultra Puffy Jumbo Roasters","brand":"The So Soft Marshmallow Co.","imageUrls":["https://shop.coles.com.au/wcsstore/Coles-CAS/images/3/4/5/3450036.jpg"],"storeId":"coles","packageSize":"300g","cupPrice":"$0.83 per 100G","locations":{"VIC":{"price":2.5,"discountRate":29,"promo":"","orgPrice":3.5}},"categoryIds":["c-pantry"],"similarProductIds":[]},{"id":"twinnings-herbal-infusion-tea-bags-cranberry-pomegranite","name":"Cranberry &  Pomegranate Flavoured Tea Bags 10 pack","brand":"Twinings","imageUrls":["https://shop.coles.com.au/wcsstore/Coles-CAS/images/8/7/2/8729562.jpg"],"storeId":"coles","packageSize":"20g","cupPrice":"$10.00 per 100G","locations":{"VIC":{"price":2,"discountRate":26,"promo":"","orgPrice":2.7}},"categoryIds":["c-pantry","c-drinks"],"similarProductIds":[]},{"id":"twinings-tea-bags-russian-caravan","name":"Russian Caravan Tea Bags 10 Pack","brand":"Twinings","imageUrls":["https://shop.coles.com.au/wcsstore/Coles-CAS/images/8/1/1/8116053.jpg"],"storeId":"coles","packageSize":"20g","cupPrice":"$10.00 per 100G","locations":{"VIC":{"price":2,"discountRate":26,"promo":"","orgPrice":2.7}},"categoryIds":["c-pantry","c-drinks"],"similarProductIds":[]},{"id":"twinings-herbal-infusions-tea-bags-ginger-apple","name":"Caffeine Free Ginger & Apple Flavour Herbal Infusions Tea Bags 10 pack","brand":"Twinings","imageUrls":["https://shop.coles.com.au/wcsstore/Coles-CAS/images/2/3/8/2384526.jpg"],"storeId":"coles","packageSize":"20g","cupPrice":"$10.00 per 100G","locations":{"VIC":{"price":2,"discountRate":26,"promo":"","orgPrice":2.7}},"categoryIds":["c-pantry","c-drinks"],"similarProductIds":[]},{"id":"mars-chocolate-twix","name":"Chocolate Bar 2 Pack","brand":"Twix","imageUrls":["https://shop.coles.com.au/wcsstore/Coles-CAS/images/5/1/7/5171882.jpg"],"storeId":"coles","packageSize":"72g","cupPrice":"$2.08 per 100G","locations":{"VIC":{"price":1.5,"discountRate":40,"promo":"","orgPrice":2.5}},"categoryIds":["c-pantry"],"similarProductIds":[]},{"id":"uncle-bens-rice-brown-express","name":"Microwave Brown Rice","brand":"Uncle Ben's","imageUrls":["https://shop.coles.com.au/wcsstore/Coles-CAS/images/8/1/5/8150787.jpg"],"storeId":"coles","packageSize":"250g","cupPrice":"$1.08 per 100G","locations":{"VIC":{"price":2.7,"discountRate":7,"promo":"Any 2 $5","orgPrice":2.7}},"categoryIds":["c-pantry"],"similarProductIds":[]},{"id":"uncle-tobys-roll-ups-rainbow-fruit-salad","name":"Roll Ups Rainbow Fruit Salad 6 Pack","brand":"Uncle Tobys","imageUrls":["https://shop.coles.com.au/wcsstore/Coles-CAS/images/6/8/9/6899175.jpg"],"storeId":"coles","packageSize":"94g","cupPrice":"$4.26 per 100G","locations":{"VIC":{"price":4,"discountRate":25,"promo":"Any 2 $6","orgPrice":4}},"categoryIds":["c-pantry"],"similarProductIds":[]},{"id":"werthers-original-candies-butter-cream","name":"Cream Candies","brand":"Werther's Original","imageUrls":["https://shop.coles.com.au/wcsstore/Coles-CAS/images/5/2/4/5241809.jpg"],"storeId":"coles","packageSize":"50g","cupPrice":"$2.00 per 100G","locations":{"VIC":{"price":1,"discountRate":35,"promo":"","orgPrice":1.55}},"categoryIds":["c-pantry"],"similarProductIds":[]},{"id":"wrigleys-air-waves-chewing-gum-menthol-eucalyptus-sugar-free","name":"Air Waves Sugar Free Menthol & Eucalyptus Chewing Gum 4 x 10 Piece Pack","brand":"Wrigley's","imageUrls":["https://shop.coles.com.au/wcsstore/Coles-CAS/images/8/8/9/8894605.jpg"],"storeId":"coles","packageSize":"56g","cupPrice":"$5.00 per 100G","locations":{"VIC":{"price":2.8,"discountRate":20,"promo":"","orgPrice":3.5}},"categoryIds":["c-pantry"],"similarProductIds":[]},{"id":"wrigleys-eclipse-ice-chewing-gum-spearmint-sugar-free","name":"Eclipse Sugar Free Spearmint Ice Chewing Gum 4 x 10 Piece Pack","brand":"Wrigley's","imageUrls":["https://shop.coles.com.au/wcsstore/Coles-CAS/images/4/7/1/4719400.jpg"],"storeId":"coles","packageSize":"56g","cupPrice":"$5.00 per 100G","locations":{"VIC":{"price":2.8,"discountRate":20,"promo":"","orgPrice":3.5}},"categoryIds":["c-pantry"],"similarProductIds":[]},{"id":"wrigleys-eclipse-mints-intense-mint","name":"Eclipse Sugar Free Intense Mints Large Tin","brand":"Wrigley's","imageUrls":["https://shop.coles.com.au/wcsstore/Coles-CAS/images/3/4/5/3454718.jpg"],"storeId":"coles","packageSize":"40g","cupPrice":"$6.00 per 100G","locations":{"VIC":{"price":2.4,"discountRate":20,"promo":"","orgPrice":3}},"categoryIds":["c-pantry"],"similarProductIds":[]},{"id":"allens-kol-fruits","name":"Kool Fruits","brand":"Allen's","imageUrls":["https://shop.coles.com.au/wcsstore/Coles-CAS/images/3/7/3/3736593.jpg"],"storeId":"coles","packageSize":"150g","cupPrice":"$2.00 per 100G","locations":{"VIC":{"price":3,"discountRate":17,"promo":"Any 2 $5","orgPrice":3}},"categoryIds":["c-pantry"],"similarProductIds":[]},{"id":"always-fresh-ventagli-biscuit-puff-pastry-swirl","name":"Ventagli Puff Pastry Swirl Biscuits","brand":"Always Fresh","imageUrls":["https://shop.coles.com.au/wcsstore/Coles-CAS/images/3/7/6/3763417.jpg"],"storeId":"coles","packageSize":"110g","cupPrice":"$2.55 per 100G","locations":{"VIC":{"price":2.8,"discountRate":20,"promo":"","orgPrice":3.5}},"categoryIds":["c-pantry"],"similarProductIds":[]},{"id":"always-fresh-pasticcini-biscuits-hazelnut","name":"Pasticcini Hazelnut Biscuits","brand":"Always Fresh","imageUrls":["https://shop.coles.com.au/wcsstore/Coles-CAS/images/3/7/6/3763392.jpg"],"storeId":"coles","packageSize":"110g","cupPrice":"$2.55 per 100G","locations":{"VIC":{"price":2.8,"discountRate":20,"promo":"","orgPrice":3.5}},"categoryIds":["c-pantry"],"similarProductIds":[]},{"id":"amys-kitchen-organic-vegetable-barley-soup","name":"Organic Vegetable Barley Soup","brand":"Amy's Kitchen","imageUrls":["https://shop.coles.com.au/wcsstore/Coles-CAS/images/3/1/6/3162665.jpg"],"storeId":"coles","packageSize":"400g","cupPrice":"$0.75 per 100G","locations":{"VIC":{"price":3,"discountRate":23,"promo":"","orgPrice":3.9}},"categoryIds":["c-pantry"],"similarProductIds":[]},{"id":"bsc-hydroxyburn-balls-choc-honeycomb","name":"White Choc Honeycomb High Protein Balls","brand":"BSC","imageUrls":["https://shop.coles.com.au/wcsstore/Coles-CAS/images/8/6/5/8655014.jpg"],"storeId":"coles","packageSize":"70g","cupPrice":"$4.50 per 100G","locations":{"VIC":{"price":3.15,"discountRate":30,"promo":"","orgPrice":4.5}},"categoryIds":["c-pantry","c-healthy-living"],"similarProductIds":[]},{"id":"bsc-high-protein-bar-choc-mint","name":"High Protein Choc Mint Bar","brand":"BSC","imageUrls":["https://shop.coles.com.au/wcsstore/Coles-CAS/images/2/8/9/2898807.jpg"],"storeId":"coles","packageSize":"60g","cupPrice":"$5.00 per 100G","locations":{"VIC":{"price":3,"discountRate":25,"promo":"","orgPrice":4}},"categoryIds":["c-pantry","c-healthy-living"],"similarProductIds":[]},{"id":"bsc-body-science-high-protein-bar-rocky-rd","name":"Rocky Road High Protein Low Carb Bar","brand":"BSC","imageUrls":["https://shop.coles.com.au/wcsstore/Coles-CAS/images/3/1/2/3125319.jpg"],"storeId":"coles","packageSize":"60g","cupPrice":"$5.00 per 100G","locations":{"VIC":{"price":3,"discountRate":25,"promo":"","orgPrice":4}},"categoryIds":["c-pantry","c-healthy-living"],"similarProductIds":[]},{"id":"betty-crocker-cake-mix-vanilla","name":"Vanilla Cake Mix","brand":"Betty Crocker","imageUrls":["https://shop.coles.com.au/wcsstore/Coles-CAS/images/4/5/2/4525710.jpg"],"storeId":"coles","packageSize":"540g","cupPrice":"$0.74 per 100G","locations":{"VIC":{"price":4,"discountRate":23,"promo":"","orgPrice":5.2}},"categoryIds":["c-pantry"],"similarProductIds":[]},{"id":"bounce-protein-balls-peanut-blast","name":"Gluten Free Peanut Energy Protein Ball","brand":"Bounce","imageUrls":["https://shop.coles.com.au/wcsstore/Coles-CAS/images/1/4/9/1499577.jpg"],"storeId":"coles","packageSize":"49g","cupPrice":"$0.41 per 10G","locations":{"VIC":{"price":2,"discountRate":33,"promo":"","orgPrice":3}},"categoryIds":["c-pantry","c-healthy-living"],"similarProductIds":[]},{"id":"bounce-protein-balls-coconut-macadamia","name":"Gluten Free Coconut Macadamia Natural Energy Ball","brand":"Bounce","imageUrls":["https://shop.coles.com.au/wcsstore/Coles-CAS/images/1/4/9/1499602.jpg"],"storeId":"coles","packageSize":"40g","cupPrice":"$0.50 per 10G","locations":{"VIC":{"price":2,"discountRate":33,"promo":"","orgPrice":3}},"categoryIds":["c-pantry","c-healthy-living"],"similarProductIds":[]},{"id":"bounce-apricot-almond-brekkie-bar","name":"Apricot Almond Brekkie Bar 3 Pack","brand":"Bounce","imageUrls":["https://shop.coles.com.au/wcsstore/Coles-CAS/images/3/6/8/3681844.jpg"],"storeId":"coles","packageSize":"150g","cupPrice":"$3.00 per 100G","locations":{"VIC":{"price":4.5,"discountRate":25,"promo":"","orgPrice":6}},"categoryIds":["c-pantry","c-healthy-living"],"similarProductIds":[]},{"id":"bounce-banana-pecan-brekkie-bar","name":"Banana Pecan Brekkie Bar 3 Pack","brand":"Bounce","imageUrls":["https://shop.coles.com.au/wcsstore/Coles-CAS/images/3/6/8/3681866.jpg"],"storeId":"coles","packageSize":"150g","cupPrice":"$3.00 per 100G","locations":{"VIC":{"price":4.5,"discountRate":25,"promo":"","orgPrice":6}},"categoryIds":["c-pantry","c-healthy-living"],"similarProductIds":[]},{"id":"csr-coconut-sugar","name":"Coconut Sugar","brand":"CSR","imageUrls":["https://shop.coles.com.au/wcsstore/Coles-CAS/images/2/2/2/2223301.jpg"],"storeId":"coles","packageSize":"250g","cupPrice":"$1.36 per 100G","locations":{"VIC":{"price":3.4,"discountRate":15,"promo":"","orgPrice":4}},"categoryIds":["c-pantry"],"similarProductIds":[]},{"id":"cadbury-giant-freddo-dairy-milk","name":"Dairy Milk Chocolate  Freddo","brand":"Cadbury","imageUrls":["https://shop.coles.com.au/wcsstore/Coles-CAS/images/5/2/4/5248149.jpg"],"storeId":"coles","packageSize":"35g","cupPrice":"$2.86 per 100G","locations":{"VIC":{"price":1,"discountRate":34,"promo":"Any 3 $1.98","orgPrice":1}},"categoryIds":["c-pantry"],"similarProductIds":[]},{"id":"cadbury-caramello-chocolate-bar","name":"Dairy Milk Caramello Chocolate Bar","brand":"Cadbury","imageUrls":["https://shop.coles.com.au/wcsstore/Coles-CAS/images/5/0/7/5072600.jpg"],"storeId":"coles","packageSize":"55g","cupPrice":"$1.55 per 100G","locations":{"VIC":{"price":0.85,"discountRate":58,"promo":"","orgPrice":2}},"categoryIds":["c-pantry"],"similarProductIds":[]},{"id":"cadbury-chomp-bar","name":"Chomp Chocolate Bar","brand":"Cadbury","imageUrls":["https://shop.coles.com.au/wcsstore/Coles-CAS/images/3/8/7/387895.jpg"],"storeId":"coles","packageSize":"30g","cupPrice":"$1.67 per 100G","locations":{"VIC":{"price":0.5,"discountRate":33,"promo":"","orgPrice":0.75}},"categoryIds":["c-pantry"],"similarProductIds":[]},{"id":"cadbury-cherry-ripe-king-size-chocolate-bar","name":"Cherry Ripe Chocolate Bars Twin Pack","brand":"Cadbury","imageUrls":["https://shop.coles.com.au/wcsstore/Coles-CAS/images/1/1/2/112773.jpg"],"storeId":"coles","packageSize":"80g","cupPrice":"$3.13 per 100G","locations":{"VIC":{"price":2.5,"discountRate":40,"promo":"Any 2 $3","orgPrice":2.5}},"categoryIds":["c-pantry"],"similarProductIds":[]},{"id":"cadbury-bars-freddo-milky-top","name":"Freddo Milky Top Chocolate Bar","brand":"Cadbury","imageUrls":["https://shop.coles.com.au/wcsstore/Coles-CAS/images/3/2/4/3247305.jpg"],"storeId":"coles","packageSize":"45g","cupPrice":"$1.89 per 100G","locations":{"VIC":{"price":0.85,"discountRate":58,"promo":"","orgPrice":2}},"categoryIds":["c-pantry"],"similarProductIds":[]},{"id":"cadbury-smoshed-share-pack-cranberry-almond","name":"Smooshed Cranberry & Almond Share Pack","brand":"Cadbury","imageUrls":["https://shop.coles.com.au/wcsstore/Coles-CAS/images/3/7/3/3739015.jpg"],"storeId":"coles","packageSize":"150g","cupPrice":"$4.00 per 100G","locations":{"VIC":{"price":6,"discountRate":50,"promo":"Any 2 $6","orgPrice":6}},"categoryIds":["c-pantry"],"similarProductIds":[]},{"id":"carmans-bars-dark-choc-blueberry-6-pack","name":"Dark Choc Blueberry Superfood Bars 6 pack","brand":"Carman's","imageUrls":["https://shop.coles.com.au/wcsstore/Coles-CAS/images/8/2/2/8221546.jpg"],"storeId":"coles","packageSize":"210g","cupPrice":"$1.43 per 100G","locations":{"VIC":{"price":3,"discountRate":50,"promo":"","orgPrice":6}},"categoryIds":["c-pantry"],"similarProductIds":[]},{"id":"carmans--oat-slice-belgian-choc-brownie","name":"Oat Slice Belgian Chocolate Brownie","brand":"Carman's","imageUrls":["https://shop.coles.com.au/wcsstore/Coles-CAS/images/2/7/1/2714711.jpg"],"storeId":"coles","packageSize":"210g","cupPrice":"$1.43 per 100G","locations":{"VIC":{"price":3,"discountRate":50,"promo":"","orgPrice":6}},"categoryIds":["c-pantry"],"similarProductIds":[]},{"id":"carmans-gluten-free-salted-caramel-coconut-bliss-balls","name":"Gluten Free Salted Caramel & Coconut Bliss Balls","brand":"Carman's","imageUrls":["https://shop.coles.com.au/wcsstore/Coles-CAS/images/3/3/8/3387847.jpg"],"storeId":"coles","packageSize":"80g","cupPrice":"$2.44 per 100G","locations":{"VIC":{"price":1.95,"discountRate":57,"promo":"","orgPrice":4.5}},"categoryIds":["c-pantry"],"similarProductIds":[]},{"id":"cobram-estate-oil-olive-virgin-light-delicate","name":"Extra Virgin Olive Oil Light","brand":"Cobram Estate","imageUrls":["https://shop.coles.com.au/wcsstore/Coles-CAS/images/7/4/5/7452099.jpg"],"storeId":"coles","packageSize":"375mL","cupPrice":"$1.60 per 100mL","locations":{"VIC":{"price":6,"discountRate":25,"promo":"","orgPrice":8}},"categoryIds":["c-pantry"],"similarProductIds":[]},{"id":"continental-recipe-mix-beef-stroganoff","name":"Beef Stroganoff Recipe Base Serves 4","brand":"Continental","imageUrls":["https://shop.coles.com.au/wcsstore/Coles-CAS/images/9/4/7/9475969.jpg"],"storeId":"coles","packageSize":"40g","cupPrice":"$4.00 per 100G","locations":{"VIC":{"price":1.6,"discountRate":9,"promo":"Any 2 $2.90","orgPrice":1.6}},"categoryIds":["c-pantry"],"similarProductIds":[]},{"id":"continental-mushroom-chive-risotto","name":"Mushroom & Chive Risotto Serves 3","brand":"Continental","imageUrls":["https://shop.coles.com.au/wcsstore/Coles-CAS/images/2/2/6/2263033.jpg"],"storeId":"coles","packageSize":"115g","cupPrice":"$2.39 per 100G","locations":{"VIC":{"price":2.75,"discountRate":18,"promo":"Any 2 $4.50","orgPrice":2.75}},"categoryIds":["c-pantry"],"similarProductIds":[]},{"id":"continental-coconut-lemongrass-thai-rice","name":"Thai Coconut & Lemongrass Rice Serves 2","brand":"Continental","imageUrls":["https://shop.coles.com.au/wcsstore/Coles-CAS/images/2/2/6/2262992.jpg"],"storeId":"coles","packageSize":"115g","cupPrice":"$2.39 per 100G","locations":{"VIC":{"price":2.75,"discountRate":18,"promo":"Any 2 $4.50","orgPrice":2.75}},"categoryIds":["c-pantry"],"similarProductIds":[]},{"id":"crisco-sunflower-oil","name":"Sunflower Oil","brand":"Crisco","imageUrls":["https://shop.coles.com.au/wcsstore/Coles-CAS/images/3/4/3/343415.jpg"],"storeId":"coles","packageSize":"750mL","cupPrice":"$0.53 per 100mL","locations":{"VIC":{"price":3.95,"discountRate":12,"promo":"","orgPrice":4.5}},"categoryIds":["c-pantry"],"similarProductIds":[]},{"id":"darrell-lea-dark-chocolate-coated-ginger","name":"Dark Chocolate Coated Ginger","brand":"Darrell Lea","imageUrls":["https://shop.coles.com.au/wcsstore/Coles-CAS/images/1/0/7/1074851.jpg"],"storeId":"coles","packageSize":"200g","cupPrice":"$4.25 per 100G","locations":{"VIC":{"price":8.5,"discountRate":12,"promo":"2 for $15","orgPrice":8.5}},"categoryIds":["c-pantry"],"similarProductIds":[]},{"id":"darrell-lea-mega-balls-mega-mint","name":"Mega Minty Milk Chocolate Balls","brand":"Darrell Lea","imageUrls":["https://shop.coles.com.au/wcsstore/Coles-CAS/images/3/4/4/3449365.jpg"],"storeId":"coles","packageSize":"185g","cupPrice":"$1.62 per 100G","locations":{"VIC":{"price":3,"discountRate":25,"promo":"","orgPrice":4}},"categoryIds":["c-pantry"],"similarProductIds":[]},{"id":"darrell-lea-choc-twists-milk-choc-liquorice","name":"Choc Twists Milk Choc & Liquorice","brand":"Darrell Lea","imageUrls":["https://shop.coles.com.au/wcsstore/Coles-CAS/images/3/7/3/3739490.jpg"],"storeId":"coles","packageSize":"200g","cupPrice":"$1.50 per 100G","locations":{"VIC":{"price":3,"discountRate":25,"promo":"","orgPrice":4}},"categoryIds":["c-pantry"],"similarProductIds":[]},{"id":"darrell-lea-dark-choc-liquorice-block","name":"Dark Chocolate Liquorice Block","brand":"Darrell Lea","imageUrls":["https://shop.coles.com.au/wcsstore/Coles-CAS/images/3/7/5/3759690.jpg"],"storeId":"coles","packageSize":"180g","cupPrice":"$1.39 per 100G","locations":{"VIC":{"price":2.5,"discountRate":50,"promo":"","orgPrice":5}},"categoryIds":["c-pantry"],"similarProductIds":[]},{"id":"darrell-lea-milk-block-liquorice","name":"Milk Chocolate Liquorice Block","brand":"Darrell Lea","imageUrls":["https://shop.coles.com.au/wcsstore/Coles-CAS/images/3/7/5/3759613.jpg"],"storeId":"coles","packageSize":"180g","cupPrice":"$1.39 per 100G","locations":{"VIC":{"price":2.5,"discountRate":50,"promo":"","orgPrice":5}},"categoryIds":["c-pantry"],"similarProductIds":[]},{"id":"dolmio-pasta-sauce-carbonara-1274497p","name":"Carbonara Pasta Sauce","brand":"Dolmio","imageUrls":["https://shop.coles.com.au/wcsstore/Coles-CAS/images/1/2/7/1274497.jpg"],"storeId":"coles","packageSize":"490g","cupPrice":"$0.51 per 100G","locations":{"VIC":{"price":2.5,"discountRate":24,"promo":"","orgPrice":3.29}},"categoryIds":["c-pantry"],"similarProductIds":[]},{"id":"dolmio-extra-pasta-sauce-four-cheese","name":"Extra Four Cheese Pasta Sauce","brand":"Dolmio","imageUrls":["https://shop.coles.com.au/wcsstore/Coles-CAS/images/1/2/7/1274384.jpg"],"storeId":"coles","packageSize":"500g","cupPrice":"$0.50 per 100G","locations":{"VIC":{"price":2.5,"discountRate":24,"promo":"","orgPrice":3.29}},"categoryIds":["c-pantry"],"similarProductIds":[]},{"id":"eclipse-mints-watermelon","name":"Mints Watermelon","brand":"Eclipse","imageUrls":["https://shop.coles.com.au/wcsstore/Coles-CAS/images/3/7/1/3713849.jpg"],"storeId":"coles","packageSize":"40g","cupPrice":"$6.00 per 100G","locations":{"VIC":{"price":2.4,"discountRate":20,"promo":"","orgPrice":3}},"categoryIds":["c-pantry"],"similarProductIds":[]},{"id":"edgell-peas-corn-carrots","name":"Peas Corn & Carrots","brand":"Edgell","imageUrls":["https://shop.coles.com.au/wcsstore/Coles-CAS/images/8/5/6/8565647.jpg"],"storeId":"coles","packageSize":"420g","cupPrice":"$3.57 per 1Kg","locations":{"VIC":{"price":1.5,"discountRate":25,"promo":"","orgPrice":2}},"categoryIds":["c-pantry"],"similarProductIds":[]},{"id":"edgell-peas-baby","name":"Baby Peas","brand":"Edgell","imageUrls":["https://shop.coles.com.au/wcsstore/Coles-CAS/images/6/8/3/6836302.jpg"],"storeId":"coles","packageSize":"420g","cupPrice":"$3.57 per 1Kg","locations":{"VIC":{"price":1.5,"discountRate":25,"promo":"","orgPrice":2}},"categoryIds":["c-pantry"],"similarProductIds":[]},{"id":"edgell-beans-four-bean-mix-no-added-salt","name":"Four Bean Mix No Added Salt","brand":"Edgell","imageUrls":["https://shop.coles.com.au/wcsstore/Coles-CAS/images/6/0/9/6095906.jpg"],"storeId":"coles","packageSize":"400g","cupPrice":"$2.50 per 1Kg","locations":{"VIC":{"price":1,"discountRate":33,"promo":"","orgPrice":1.5}},"categoryIds":["c-pantry"],"similarProductIds":[]},{"id":"edgell-beans-red-kidney-no-added-salt","name":"Red Kidney Beans No Added Salt","brand":"Edgell","imageUrls":["https://shop.coles.com.au/wcsstore/Coles-CAS/images/6/0/9/6095939.jpg"],"storeId":"coles","packageSize":"400g","cupPrice":"$2.50 per 1Kg","locations":{"VIC":{"price":1,"discountRate":33,"promo":"","orgPrice":1.5}},"categoryIds":["c-pantry"],"similarProductIds":[]},{"id":"edgell-corn-kernels-no-added-salt","name":"Corn Kernels No Added Salt","brand":"Edgell","imageUrls":["https://shop.coles.com.au/wcsstore/Coles-CAS/images/4/4/3/443792.jpg"],"storeId":"coles","packageSize":"420g","cupPrice":"$2.38 per 1Kg","locations":{"VIC":{"price":1,"discountRate":33,"promo":"","orgPrice":1.5}},"categoryIds":["c-pantry"],"similarProductIds":[]},{"id":"edgell-pouch-no-drain-red-kidney-bean","name":"Red Kidney Beans Pouch","brand":"Edgell","imageUrls":["https://shop.coles.com.au/wcsstore/Coles-CAS/images/3/5/3/3535387.jpg"],"storeId":"coles","packageSize":"100g","cupPrice":"$10.00 per 1Kg","locations":{"VIC":{"price":1,"discountRate":33,"promo":"","orgPrice":1.5}},"categoryIds":["c-pantry"],"similarProductIds":[]},{"id":"edgell-snack-cans-red-kidney-beans-chilli","name":"Snack Time Red Kidney Beans With Chilli & Olive Oil","brand":"Edgell","imageUrls":["https://shop.coles.com.au/wcsstore/Coles-CAS/images/3/5/9/3592879.jpg"],"storeId":"coles","packageSize":"70g","cupPrice":"$12.86 per 1Kg","locations":{"VIC":{"price":0.9,"discountRate":31,"promo":"","orgPrice":1.3}},"categoryIds":["c-pantry"],"similarProductIds":[]},{"id":"edgell-snack-cans-chickpea-olive-oil-garlic","name":"Snack Time Chick Peas Olive Oil Garlic & Rosemary","brand":"Edgell","imageUrls":["https://shop.coles.com.au/wcsstore/Coles-CAS/images/3/5/9/3592573.jpg"],"storeId":"coles","packageSize":"70g","cupPrice":"$12.86 per 1Kg","locations":{"VIC":{"price":0.9,"discountRate":31,"promo":"","orgPrice":1.3}},"categoryIds":["c-pantry"],"similarProductIds":[]},{"id":"europe-bars-honey-nougat-log","name":"Honey Nougat Log","brand":"Europe","imageUrls":["https://shop.coles.com.au/wcsstore/Coles-CAS/images/6/7/8/67850.jpg"],"storeId":"coles","packageSize":"40g","cupPrice":"$2.13 per 100G","locations":{"VIC":{"price":0.85,"discountRate":58,"promo":"","orgPrice":2}},"categoryIds":["c-pantry"],"similarProductIds":[]},{"id":"fantastic-noodle-cup-crispy-bacon","name":"Crispy Bacon Noodle Cup","brand":"Fantastic","imageUrls":["https://shop.coles.com.au/wcsstore/Coles-CAS/images/6/0/4/6046740.jpg"],"storeId":"coles","packageSize":"70g","cupPrice":"$1.14 per 100G","locations":{"VIC":{"price":0.8,"discountRate":50,"promo":"","orgPrice":1.6}},"categoryIds":["c-pantry"],"similarProductIds":[]},{"id":"food-for-health-bars-cacao-coffee-gf","name":"Fruit Free Bars With Coffee & Cacao","brand":"Food For Health","imageUrls":["https://shop.coles.com.au/wcsstore/Coles-CAS/images/3/1/2/3121362.jpg"],"storeId":"coles","packageSize":"150g","cupPrice":"$3.73 per 100G","locations":{"VIC":{"price":5.6,"discountRate":20,"promo":"","orgPrice":7}},"categoryIds":["c-pantry","c-healthy-living"],"similarProductIds":[]},{"id":"heritage-mill-clusters-berry-bliss","name":"Heritage Mill Berry Bliss Clusters","brand":"Freedom Foods","imageUrls":["https://shop.coles.com.au/wcsstore/Coles-CAS/images/3/2/1/3211942.jpg"],"storeId":"coles","packageSize":"1Kg","cupPrice":"$4.90 per 1Kg","locations":{"VIC":{"price":4.9,"discountRate":30,"promo":"","orgPrice":7}},"categoryIds":["c-pantry"],"similarProductIds":[]},{"id":"heritage-mill-muesli-maple-date-toasted","name":"Heritage Mill Maple Date Toasted Muesli","brand":"Freedom Foods","imageUrls":["https://shop.coles.com.au/wcsstore/Coles-CAS/images/3/2/1/3212027.jpg"],"storeId":"coles","packageSize":"1kg","cupPrice":"$0.49 per 100G","locations":{"VIC":{"price":4.9,"discountRate":30,"promo":"","orgPrice":7}},"categoryIds":["c-pantry"],"similarProductIds":[]},{"id":"heritage-mill-muesli-natural-fruit-nut","name":"Heritage Mill Fruit & Nut Natural Muesli","brand":"Freedom Foods","imageUrls":["https://shop.coles.com.au/wcsstore/Coles-CAS/images/3/2/1/3211975.jpg"],"storeId":"coles","packageSize":"1kg","cupPrice":"$0.49 per 100G","locations":{"VIC":{"price":4.9,"discountRate":30,"promo":"","orgPrice":7}},"categoryIds":["c-pantry"],"similarProductIds":[]},{"id":"fyna-wizz-fizz-cones","name":"Sherbert Wizz Fizz Cones","brand":"Fyna","imageUrls":["https://shop.coles.com.au/wcsstore/Coles-CAS/images/5/9/0/5909706.jpg"],"storeId":"coles","packageSize":"5 pack","cupPrice":"$2.77 per 100G","locations":{"VIC":{"price":1.8,"discountRate":10,"promo":"","orgPrice":2}},"categoryIds":["c-pantry"],"similarProductIds":[]},{"id":"go-natural-fruit-nut-yoghurt-bar","name":"Yoghurt Fruit & Nut Delight Bar","brand":"Go Natural","imageUrls":["https://shop.coles.com.au/wcsstore/Coles-CAS/images/5/3/4/5344743.jpg"],"storeId":"coles","packageSize":"50g","cupPrice":"$2.90 per 100G","locations":{"VIC":{"price":1.45,"discountRate":26,"promo":"","orgPrice":1.95}},"categoryIds":["c-pantry","c-healthy-living"],"similarProductIds":[]},{"id":"golden-days-apricot-coconut-slice","name":"Apricot & Coconut Slice","brand":"Golden Days","imageUrls":["https://shop.coles.com.au/wcsstore/Coles-CAS/images/5/2/1/5219173.jpg"],"storeId":"coles","packageSize":"150g","cupPrice":"$1.27 per 100G","locations":{"VIC":{"price":1.9,"discountRate":21,"promo":"","orgPrice":2.4}},"categoryIds":["c-pantry","c-healthy-living"],"similarProductIds":[]},{"id":"greens-pancake-shake-with-maple-flavour","name":"Maple Syrup Pancake Shake","brand":"Green's","imageUrls":["https://shop.coles.com.au/wcsstore/Coles-CAS/images/8/0/4/8043380.jpg"],"storeId":"coles","packageSize":"325g","cupPrice":"$0.68 per 100G","locations":{"VIC":{"price":2.2,"discountRate":24,"promo":"","orgPrice":2.9000000000000004}},"categoryIds":["c-pantry"],"similarProductIds":[]},{"id":"greens-traditional-cake-mix-chocolate","name":"Traditional Chocolate Cake Mix","brand":"Green's","imageUrls":["https://shop.coles.com.au/wcsstore/Coles-CAS/images/5/3/6/5360976.jpg"],"storeId":"coles","packageSize":"440g","cupPrice":"$0.50 per 100G","locations":{"VIC":{"price":2.2,"discountRate":20,"promo":"","orgPrice":2.75}},"categoryIds":["c-pantry"],"similarProductIds":[]},{"id":"greens-traditional-cake-mix-lemon","name":"Smooth Lemon Cake Mix","brand":"Green's","imageUrls":["https://shop.coles.com.au/wcsstore/Coles-CAS/images/9/3/1/9316488.jpg"],"storeId":"coles","packageSize":"470g","cupPrice":"$0.47 per 100G","locations":{"VIC":{"price":2.2,"discountRate":20,"promo":"","orgPrice":2.75}},"categoryIds":["c-pantry"],"similarProductIds":[]},{"id":"greens-butterscotch-pudding","name":"Butterscotch Pudding","brand":"Green's","imageUrls":["https://shop.coles.com.au/wcsstore/Coles-CAS/images/7/3/0/7302744.jpg"],"storeId":"coles","packageSize":"260g","cupPrice":"$0.85 per 100G","locations":{"VIC":{"price":2.2,"discountRate":21,"promo":"","orgPrice":2.8000000000000003}},"categoryIds":["c-pantry"],"similarProductIds":[]},{"id":"greens-traditional-cake-mix-vanilla","name":"Traditional Vanilla Cake Mix","brand":"Greens","imageUrls":["https://shop.coles.com.au/wcsstore/Coles-CAS/images/9/7/1/9715177.jpg"],"storeId":"coles","packageSize":"470g","cupPrice":"$0.47 per 100G","locations":{"VIC":{"price":2.2,"discountRate":20,"promo":"","orgPrice":2.75}},"categoryIds":["c-pantry"],"similarProductIds":[]},{"id":"harvest-snaps-black-bean-dill-pickle","name":"Black Bean Dill Pickle","brand":"Harvest Snaps","imageUrls":["https://shop.coles.com.au/wcsstore/Coles-CAS/images/3/6/9/3698734.jpg"],"storeId":"coles","packageSize":"85g","cupPrice":"$2.94 per 100G","locations":{"VIC":{"price":2.5,"discountRate":17,"promo":"","orgPrice":3}},"categoryIds":["c-pantry"],"similarProductIds":[]},{"id":"heritage-mill-caramel-coffe-clusters-muesli","name":"Caramel Coffee Clusters Muesli","brand":"Heritage Mill","imageUrls":["https://shop.coles.com.au/wcsstore/Coles-CAS/images/3/7/8/3780471.jpg"],"storeId":"coles","packageSize":"1kg","cupPrice":"$0.49 per 100G","locations":{"VIC":{"price":4.9,"discountRate":30,"promo":"","orgPrice":7}},"categoryIds":["c-pantry"],"similarProductIds":[]},{"id":"hoyts-mixed-herbs","name":"Mixed Herbs","brand":"Hoyts","imageUrls":["https://shop.coles.com.au/wcsstore/Coles-CAS/images/5/2/7/5270035.jpg"],"storeId":"coles","packageSize":"70g","cupPrice":"$0.39 per 10G","locations":{"VIC":{"price":2.75,"discountRate":11,"promo":"","orgPrice":3.1}},"categoryIds":["c-pantry"],"similarProductIds":[]},{"id":"illy-caffe-ground-coffee","name":"Classico Ground Coffee","brand":"Illy","imageUrls":["https://shop.coles.com.au/wcsstore/Coles-CAS/images/8/0/9/8097061.jpg"],"storeId":"coles","packageSize":"250g","cupPrice":"$4.80 per 100G","locations":{"VIC":{"price":12,"discountRate":20,"promo":"","orgPrice":15}},"categoryIds":["c-pantry","c-drinks"],"similarProductIds":[]},{"id":"india-gate-exotic-basmati-rice","name":"Exotic Basmati Rice","brand":"India Gate","imageUrls":["https://shop.coles.com.au/wcsstore/Coles-CAS/images/2/6/0/2602784.jpg"],"storeId":"coles","packageSize":"5kg","cupPrice":"$3.20 per 1Kg","locations":{"VIC":{"price":16,"discountRate":20,"promo":"","orgPrice":20}},"categoryIds":["c-pantry","c-drinks"],"similarProductIds":[]},{"id":"john-west-tuna-in-olive-oil","name":"Chunk Style Tuna in Olive Oil Blend","brand":"John West","imageUrls":["https://shop.coles.com.au/wcsstore/Coles-CAS/images/5/9/6/5966062.jpg"],"storeId":"coles","packageSize":"425g","cupPrice":"$10.59 per 1Kg","locations":{"VIC":{"price":4.5,"discountRate":22,"promo":"","orgPrice":5.75}},"categoryIds":["c-pantry"],"similarProductIds":[]},{"id":"john-west-tuna-in-brine","name":"Chunk Style Tuna in Brine","brand":"John West","imageUrls":["https://shop.coles.com.au/wcsstore/Coles-CAS/images/1/0/3/103794.jpg"],"storeId":"coles","packageSize":"425g","cupPrice":"$10.59 per 1Kg","locations":{"VIC":{"price":4.5,"discountRate":22,"promo":"","orgPrice":5.75}},"categoryIds":["c-pantry"],"similarProductIds":[]},{"id":"kantong-sauce-stir-fry-honey-soy-sesame-garlic","name":"Honey Sesame & Garlic Cooking Sauce","brand":"KanTong","imageUrls":["https://shop.coles.com.au/wcsstore/Coles-CAS/images/1/2/7/1279843.jpg"],"storeId":"coles","packageSize":"520g","cupPrice":"$0.63 per 100G","locations":{"VIC":{"price":3.3,"discountRate":9,"promo":"Any 2 $6","orgPrice":3.3}},"categoryIds":["c-pantry"],"similarProductIds":[]},{"id":"kantong-honey-soy-garlic-cooking-sauce","name":"Honey Soy & Garlic Cooking Sauce","brand":"KanTong","imageUrls":["https://shop.coles.com.au/wcsstore/Coles-CAS/images/2/8/4/2847318.jpg"],"storeId":"coles","packageSize":"510g","cupPrice":"$0.65 per 100G","locations":{"VIC":{"price":3.3,"discountRate":9,"promo":"Any 2 $6","orgPrice":3.3}},"categoryIds":["c-pantry"],"similarProductIds":[]},{"id":"keep-it-cleaner-bliss-balls-espresso","name":"Bliss Balls Espresso","brand":"Keep It Cleaner","imageUrls":["https://shop.coles.com.au/wcsstore/Coles-CAS/images/3/1/3/3134604.jpg"],"storeId":"coles","packageSize":"40g","cupPrice":"$6.25 per 100G","locations":{"VIC":{"price":2.5,"discountRate":20,"promo":"Any 2 $4","orgPrice":2.5}},"categoryIds":["c-pantry","c-healthy-living"],"similarProductIds":[]},{"id":"kelloggs-cereal-special-k-forest-berries","name":"Special K Forest Berries Breakfast Cereal","brand":"Kellogg's","imageUrls":["https://shop.coles.com.au/wcsstore/Coles-CAS/images/8/4/9/8492758.jpg"],"storeId":"coles","packageSize":"380g","cupPrice":"$1.16 per 100G","locations":{"VIC":{"price":4.42,"discountRate":25,"promo":"","orgPrice":5.9}},"categoryIds":["c-pantry"],"similarProductIds":[]},{"id":"kelloggs-cereal-guardian","name":"Guardian Psyllium Breakfast Cereal","brand":"Kellogg's","imageUrls":["https://shop.coles.com.au/wcsstore/Coles-CAS/images/8/4/9/8492237.jpg"],"storeId":"coles","packageSize":"360g","cupPrice":"$1.31 per 100G","locations":{"VIC":{"price":4.72,"discountRate":25,"promo":"","orgPrice":6.3}},"categoryIds":["c-pantry"],"similarProductIds":[]},{"id":"kellogg-s-special-k-lower-sugar-420g","name":"Special K Lower Sugar 420g","brand":"Kellogg's","imageUrls":["https://shop.coles.com.au/wcsstore/Coles-CAS/images/3/7/8/3780744.jpg"],"storeId":"coles","packageSize":"420g","cupPrice":"$1.07 per 100G","locations":{"VIC":{"price":4.49,"discountRate":25,"promo":"","orgPrice":5.99}},"categoryIds":["c-pantry"],"similarProductIds":[]},{"id":"kettle-flat-bread-crackers-chilli-jam","name":"Chilli Jam Flat Bread Crackers","brand":"Kettle","imageUrls":["https://shop.coles.com.au/wcsstore/Coles-CAS/images/3/4/9/3496456.jpg"],"storeId":"coles","packageSize":"150g","cupPrice":"$3.00 per 100G","locations":{"VIC":{"price":4.5,"discountRate":22,"promo":"Any 2 $7","orgPrice":4.5}},"categoryIds":["c-pantry"],"similarProductIds":[]},{"id":"kewpie-mayonnaise-sriracha","name":"Mayonnaise Sriracha","brand":"Kewpie","imageUrls":["https://shop.coles.com.au/wcsstore/Coles-CAS/images/3/7/1/3716009.jpg"],"storeId":"coles","packageSize":"300g","cupPrice":"$1.25 per 100G","locations":{"VIC":{"price":3.75,"discountRate":20,"promo":"","orgPrice":4.7}},"categoryIds":["c-pantry","c-international-foods"],"similarProductIds":[]},{"id":"kewpie-mayonnaise-50-reduced-fat-3736957p","name":"Mayonnaise 50% Reduced Fat","brand":"Kewpie","imageUrls":["https://shop.coles.com.au/wcsstore/Coles-CAS/images/3/7/3/3736957.jpg"],"storeId":"coles","packageSize":"300g","cupPrice":"$1.25 per 100G","locations":{"VIC":{"price":3.75,"discountRate":20,"promo":"","orgPrice":4.7}},"categoryIds":["c-pantry","c-international-foods"],"similarProductIds":[]},{"id":"natural-peanut-butter-bar-peanut-caramel-30g","name":"Natural Peanut Butter Bar Caramel","brand":"Koja","imageUrls":["https://shop.coles.com.au/wcsstore/Coles-CAS/images/3/4/9/3499807.jpg"],"storeId":"coles","packageSize":"30g","cupPrice":"$9.83 per 100G","locations":{"VIC":{"price":2.95,"discountRate":16,"promo":"","orgPrice":3.5}},"categoryIds":["c-pantry","c-healthy-living"],"similarProductIds":[]},{"id":"la-espanola-mild-light-olive-oil","name":"Olive Oil Light & Mild","brand":"La Espanola","imageUrls":["https://shop.coles.com.au/wcsstore/Coles-CAS/images/6/5/4/6542990.jpg"],"storeId":"coles","packageSize":"4L","cupPrice":"$0.60 per 100mL","locations":{"VIC":{"price":24,"discountRate":0,"promo":"","orgPrice":24}},"categoryIds":["c-pantry"],"similarProductIds":[]},{"id":"la-espanola-extra-virgin-olive-oil-5833943p","name":"Extra Virgin Olive Oil","brand":"La Espanola","imageUrls":["https://shop.coles.com.au/wcsstore/Coles-CAS/images/5/8/3/5833943.jpg"],"storeId":"coles","packageSize":"500mL","cupPrice":"$0.95 per 100mL","locations":{"VIC":{"price":4.75,"discountRate":50,"promo":"","orgPrice":9.5}},"categoryIds":["c-pantry"],"similarProductIds":[]},{"id":"cwa-scone-mix","name":"CWA Scone Mix","brand":"Laucke","imageUrls":["https://shop.coles.com.au/wcsstore/Coles-CAS/images/3/2/3/3234154.jpg"],"storeId":"coles","packageSize":"1kg","cupPrice":"$5.15 per 1Kg","locations":{"VIC":{"price":5.15,"discountRate":10,"promo":"","orgPrice":5.75}},"categoryIds":["c-pantry"],"similarProductIds":[]},{"id":"lavazza-espresso-capsules-deciso","name":"Espresso Deciso Intensita 10 Coffee Capsules","brand":"Lavazza","imageUrls":["https://shop.coles.com.au/wcsstore/Coles-CAS/images/3/5/1/3514139.jpg"],"storeId":"coles","packageSize":"30 pack","cupPrice":"$0.33 per 1Ea","locations":{"VIC":{"price":10,"discountRate":23,"promo":"","orgPrice":13}},"categoryIds":["c-pantry","c-drinks"],"similarProductIds":[]},{"id":"lavazza-espresso-barista-intenso-beans","name":"Espresso Barista Intenso Beans","brand":"Lavazza","imageUrls":["https://shop.coles.com.au/wcsstore/Coles-CAS/images/3/7/5/3756557.jpg"],"storeId":"coles","packageSize":"1kg","cupPrice":"$2.00 per 100G","locations":{"VIC":{"price":20,"discountRate":43,"promo":"","orgPrice":35}},"categoryIds":["c-pantry","c-drinks"],"similarProductIds":[]},{"id":"lavazza-espresso-barista-gran-crema-beans","name":"Espresso Barista Gran Crema Beans","brand":"Lavazza","imageUrls":["https://shop.coles.com.au/wcsstore/Coles-CAS/images/3/7/5/3756513.jpg"],"storeId":"coles","packageSize":"1kg","cupPrice":"$2.00 per 100G","locations":{"VIC":{"price":20,"discountRate":43,"promo":"","orgPrice":35}},"categoryIds":["c-pantry","c-drinks"],"similarProductIds":[]},{"id":"le-kum-ke-premium-dark-soy-sauce","name":"Premium Dark Soy Sauce","brand":"Lee Kum Kee","imageUrls":["https://shop.coles.com.au/wcsstore/Coles-CAS/images/3/7/3/3737020.jpg"],"storeId":"coles","packageSize":"250mL","cupPrice":"$1.12 per 100mL","locations":{"VIC":{"price":2.8,"discountRate":20,"promo":"","orgPrice":3.5}},"categoryIds":["c-pantry","c-international-foods"],"similarProductIds":[]},{"id":"lifesavers-fruit-tingles-single-roll","name":"Fruit Tingles","brand":"Lifesavers","imageUrls":["https://shop.coles.com.au/wcsstore/Coles-CAS/images/5/9/8/5986784.jpg"],"storeId":"coles","packageSize":"34g","cupPrice":"$2.79 per 100G","locations":{"VIC":{"price":0.95,"discountRate":14,"promo":"","orgPrice":1.0999999999999999}},"categoryIds":["c-pantry"],"similarProductIds":[]},{"id":"lindt-excellence-70-block-raspberry-hazelnut","name":"Excellence 70% Cocoa Block Plus Raspberry & Hazelnut","brand":"Lindt","imageUrls":["https://shop.coles.com.au/wcsstore/Coles-CAS/images/3/7/5/3759078.jpg"],"storeId":"coles","packageSize":"100g","cupPrice":"$5.00 per 100G","locations":{"VIC":{"price":5,"discountRate":17,"promo":"","orgPrice":6}},"categoryIds":["c-pantry"],"similarProductIds":[]},{"id":"loaker-tortina-dark-chocolate","name":"Dark Tortina Chocolate Biscuit","brand":"Loacker","imageUrls":["https://shop.coles.com.au/wcsstore/Coles-CAS/images/7/2/2/7220934.jpg"],"storeId":"coles","packageSize":"125g","cupPrice":"$2.00 per 100G","locations":{"VIC":{"price":2.5,"discountRate":38,"promo":"","orgPrice":4}},"categoryIds":["c-pantry","c-international-foods"],"similarProductIds":[]},{"id":"loacker-gran-pasticceria-biscuit-white-coconut","name":"Gran Pasticceria White Coconut","brand":"Loacker","imageUrls":["https://shop.coles.com.au/wcsstore/Coles-CAS/images/3/2/3/3236240.jpg"],"storeId":"coles","packageSize":"100g","cupPrice":"$2.50 per 100G","locations":{"VIC":{"price":2.5,"discountRate":38,"promo":"","orgPrice":4}},"categoryIds":["c-pantry"],"similarProductIds":[]},{"id":"loacker-gardena-wafer-biscuits-hazelnut","name":"Gardena Hazelnut Wafer","brand":"Loacker","imageUrls":["https://shop.coles.com.au/wcsstore/Coles-CAS/images/3/7/6/3763541.jpg"],"storeId":"coles","packageSize":"200g","cupPrice":"$1.25 per 100G","locations":{"VIC":{"price":2.5,"discountRate":38,"promo":"","orgPrice":4}},"categoryIds":["c-pantry"],"similarProductIds":[]},{"id":"lucky-cashews-natural","name":"Natural Cashew Nuts","brand":"Lucky","imageUrls":["https://shop.coles.com.au/wcsstore/Coles-CAS/images/6/0/1/6014948.jpg"],"storeId":"coles","packageSize":"150g","cupPrice":"$26.67 per 1Kg","locations":{"VIC":{"price":4,"discountRate":20,"promo":"","orgPrice":5}},"categoryIds":["c-pantry"],"similarProductIds":[]},{"id":"lucky-hazelnut-kernels","name":"Hazelnut Kernels","brand":"Lucky","imageUrls":["https://shop.coles.com.au/wcsstore/Coles-CAS/images/6/0/1/6014926.jpg"],"storeId":"coles","packageSize":"125g","cupPrice":"$32.00 per 1Kg","locations":{"VIC":{"price":4,"discountRate":20,"promo":"","orgPrice":5}},"categoryIds":["c-pantry"],"similarProductIds":[]},{"id":"lucky-hazelnut-meal","name":"Hazelnut Meal","brand":"Lucky","imageUrls":["https://shop.coles.com.au/wcsstore/Coles-CAS/images/6/0/1/6014880.jpg"],"storeId":"coles","packageSize":"150g","cupPrice":"$26.67 per 1Kg","locations":{"VIC":{"price":4,"discountRate":20,"promo":"","orgPrice":5}},"categoryIds":["c-pantry"],"similarProductIds":[]},{"id":"mars-m-ms-caramel","name":"Chocolate Caramel Bag Medium","brand":"M&M's","imageUrls":["https://shop.coles.com.au/wcsstore/Coles-CAS/images/3/2/9/3293630.jpg"],"storeId":"coles","packageSize":"130g","cupPrice":"$2.31 per 100G","locations":{"VIC":{"price":3,"discountRate":33,"promo":"","orgPrice":4.5}},"categoryIds":["c-pantry"],"similarProductIds":[]},{"id":"maggi-recipe-mix-vegetable-sensations-cheese-bacon-potato-bake","name":"Dry Recipe Base Cheese & Bacon Potato Bake","brand":"Maggi","imageUrls":["https://shop.coles.com.au/wcsstore/Coles-CAS/images/5/5/4/5548153.jpg"],"storeId":"coles","packageSize":"21g","cupPrice":"$7.14 per 100G","locations":{"VIC":{"price":1.5,"discountRate":11,"promo":"Any 3 $3.99","orgPrice":1.5}},"categoryIds":["c-pantry"],"similarProductIds":[]},{"id":"maggi-butter-chicken-dry-recipe-mix","name":"Dry Recipe Base Butter Chicken","brand":"Maggi","imageUrls":["https://shop.coles.com.au/wcsstore/Coles-CAS/images/2/7/1/2714937.jpg"],"storeId":"coles","packageSize":"29g","cupPrice":"$5.17 per 100G","locations":{"VIC":{"price":1.5,"discountRate":11,"promo":"Any 3 $3.99","orgPrice":1.5}},"categoryIds":["c-pantry"],"similarProductIds":[]},{"id":"maggi-veg-sensational-cheesy-cauliflower","name":"Veg Sensations Cheesy Cauliflower","brand":"Maggi","imageUrls":["https://shop.coles.com.au/wcsstore/Coles-CAS/images/2/9/7/2978961.jpg"],"storeId":"coles","packageSize":"30g","cupPrice":"$5.00 per 100G","locations":{"VIC":{"price":1.5,"discountRate":11,"promo":"Any 3 $3.99","orgPrice":1.5}},"categoryIds":["c-pantry"],"similarProductIds":[]},{"id":"majans-infuzions-wasabi-mayonnaise","name":"Infuzions Corn Poppers Mango Chilli","brand":"Majans","imageUrls":["https://shop.coles.com.au/wcsstore/Coles-CAS/images/3/3/5/3351395.jpg"],"storeId":"coles","packageSize":"110g","cupPrice":"$1.82 per 100G","locations":{"VIC":{"price":2,"discountRate":43,"promo":"","orgPrice":3.5}},"categoryIds":["c-pantry"],"similarProductIds":[]},{"id":"majans-chippeas-salted-butter","name":"Chippeas Salted Butter Flavour","brand":"Majans","imageUrls":["https://shop.coles.com.au/wcsstore/Coles-CAS/images/3/6/4/3641996.jpg"],"storeId":"coles","packageSize":"100g","cupPrice":"$3.50 per 100G","locations":{"VIC":{"price":3.5,"discountRate":43,"promo":"Any 2 $4","orgPrice":3.5}},"categoryIds":["c-pantry"],"similarProductIds":[]},{"id":"mars-bar-kingsize-chocolate-bar","name":"Chocolate Bar 2 Pack","brand":"Mars","imageUrls":["https://shop.coles.com.au/wcsstore/Coles-CAS/images/5/1/9/5192850.jpg"],"storeId":"coles","packageSize":"72g","cupPrice":"$2.08 per 100G","locations":{"VIC":{"price":1.5,"discountRate":40,"promo":"","orgPrice":2.5}},"categoryIds":["c-pantry"],"similarProductIds":[]},{"id":"masterfoods-recipe-base-honey-garlice-soy","name":"Stir Fry Honey Garlic & Soy Recipe Base","brand":"MasterFoods","imageUrls":["https://shop.coles.com.au/wcsstore/Coles-CAS/images/8/1/5/8152443.jpg"],"storeId":"coles","packageSize":"175g","cupPrice":"$1.26 per 100G","locations":{"VIC":{"price":2.2,"discountRate":9,"promo":"Any 3 $6","orgPrice":2.2}},"categoryIds":["c-pantry"],"similarProductIds":[]},{"id":"masterfoods-mustard-mild-american-squeezy","name":"Mild American Mustard","brand":"MasterFoods","imageUrls":["https://shop.coles.com.au/wcsstore/Coles-CAS/images/6/8/7/6874345.jpg"],"storeId":"coles","packageSize":"250g","cupPrice":"$1.20 per 100G","locations":{"VIC":{"price":3,"discountRate":14,"promo":"","orgPrice":3.5}},"categoryIds":["c-pantry"],"similarProductIds":[]},{"id":"masterfoods-cafe-relish-tomato","name":"Tomato Relish","brand":"MasterFoods","imageUrls":["https://shop.coles.com.au/wcsstore/Coles-CAS/images/6/4/2/6420927.jpg"],"storeId":"coles","packageSize":"250g","cupPrice":"$1.32 per 100G","locations":{"VIC":{"price":3.3,"discountRate":24,"promo":"Any 2 $5","orgPrice":3.3}},"categoryIds":["c-pantry"],"similarProductIds":[]},{"id":"masterfoods-recipe-base-tuscan-meatballs","name":"Tuscan Meatballs Recipe Base","brand":"MasterFoods","imageUrls":["https://shop.coles.com.au/wcsstore/Coles-CAS/images/4/3/7/4370544.jpg"],"storeId":"coles","packageSize":"175g","cupPrice":"$1.26 per 100G","locations":{"VIC":{"price":2.2,"discountRate":9,"promo":"Any 3 $6","orgPrice":2.2}},"categoryIds":["c-pantry"],"similarProductIds":[]},{"id":"masterfoods-gherkin-relish","name":"Gherkin Relish","brand":"MasterFoods","imageUrls":["https://shop.coles.com.au/wcsstore/Coles-CAS/images/1/2/7/127216.jpg"],"storeId":"coles","packageSize":"260g","cupPrice":"$1.33 per 100G","locations":{"VIC":{"price":3.45,"discountRate":28,"promo":"Any 2 $5","orgPrice":3.45}},"categoryIds":["c-pantry"],"similarProductIds":[]},{"id":"masterfoods-recipe-base-teriyaki-chicken-stir-fry","name":"Stir Fry Teriyaki Chicken Recipe Base","brand":"MasterFoods","imageUrls":["https://shop.coles.com.au/wcsstore/Coles-CAS/images/9/4/4/9442631.jpg"],"storeId":"coles","packageSize":"175g","cupPrice":"$1.26 per 100G","locations":{"VIC":{"price":2.2,"discountRate":9,"promo":"Any 3 $6","orgPrice":2.2}},"categoryIds":["c-pantry"],"similarProductIds":[]},{"id":"masterfoods-beef-stroganoff-simmer-sauce","name":"Beef Stroganoff Simmer Sauce","brand":"MasterFoods","imageUrls":["https://shop.coles.com.au/wcsstore/Coles-CAS/images/1/7/2/1727525.jpg"],"storeId":"coles","packageSize":"495g","cupPrice":"$0.75 per 100G","locations":{"VIC":{"price":3.7,"discountRate":19,"promo":"Any 2 $6","orgPrice":3.7}},"categoryIds":["c-pantry"],"similarProductIds":[]},{"id":"masterfoods-spicy-chilli-con-carne-recipe-base","name":"Spicy Chilli Con Carne Recipe Base","brand":"MasterFoods","imageUrls":["https://shop.coles.com.au/wcsstore/Coles-CAS/images/2/3/8/2386237.jpg"],"storeId":"coles","packageSize":"160g","cupPrice":"$1.38 per 100G","locations":{"VIC":{"price":2.2,"discountRate":9,"promo":"Any 3 $6","orgPrice":2.2}},"categoryIds":["c-pantry"],"similarProductIds":[]},{"id":"masterfods-recipe-base-san-choy-bow","name":"Recipe Base San Choy Bow","brand":"Masterfoods","imageUrls":["https://shop.coles.com.au/wcsstore/Coles-CAS/images/3/8/2/3827101.jpg"],"storeId":"coles","packageSize":"175g","cupPrice":"$1.26 per 100G","locations":{"VIC":{"price":2.2,"discountRate":9,"promo":"Any 3 $6","orgPrice":2.2}},"categoryIds":["c-pantry"],"similarProductIds":[]},{"id":"mayvers-smooth-dark-roast-peanut-butter","name":"Dark Roast Peanut Butter Smooth","brand":"Mayver's","imageUrls":["https://shop.coles.com.au/wcsstore/Coles-CAS/images/2/6/2/2622012.jpg"],"storeId":"coles","packageSize":"375g","cupPrice":"$1.07 per 100G","locations":{"VIC":{"price":4,"discountRate":20,"promo":"","orgPrice":5}},"categoryIds":["c-pantry"],"similarProductIds":[]},{"id":"mayvers-smunchy-unsalted-dark-roast-peanut-butter","name":"Smunchy Dark Roasted Unsalted Peanut Butter","brand":"Mayver's","imageUrls":["https://shop.coles.com.au/wcsstore/Coles-CAS/images/3/5/7/3579225.jpg"],"storeId":"coles","packageSize":"375g","cupPrice":"$1.07 per 100G","locations":{"VIC":{"price":4,"discountRate":20,"promo":"","orgPrice":5}},"categoryIds":["c-pantry"],"similarProductIds":[]},{"id":"mayvers-protein-plus-peanut-butter-5-seeds","name":"Protein Plus Peanut Butter with 5 Super Seeds","brand":"Mayvers","imageUrls":["https://shop.coles.com.au/wcsstore/Coles-CAS/images/3/2/1/3212399.jpg"],"storeId":"coles","packageSize":"375g","cupPrice":"$1.07 per 100G","locations":{"VIC":{"price":4,"discountRate":27,"promo":"","orgPrice":5.5}},"categoryIds":["c-pantry"],"similarProductIds":[]},{"id":"mentos-mint","name":"Mint","brand":"Mentos","imageUrls":["https://shop.coles.com.au/wcsstore/Coles-CAS/images/5/4/7/5471070.jpg"],"storeId":"coles","packageSize":"37.5g","cupPrice":"$2.67 per 100G","locations":{"VIC":{"price":1,"discountRate":29,"promo":"","orgPrice":1.4}},"categoryIds":["c-pantry"],"similarProductIds":[]},{"id":"mentos-mint-multipack","name":"Mint Multipack","brand":"Mentos","imageUrls":["https://shop.coles.com.au/wcsstore/Coles-CAS/images/1/2/5/1255200.jpg"],"storeId":"coles","packageSize":"112g","cupPrice":"$2.77 per 100G","locations":{"VIC":{"price":3.1,"discountRate":16,"promo":"Any 2 $5.20","orgPrice":3.1}},"categoryIds":["c-pantry"],"similarProductIds":[]},{"id":"mentos-gum-pure-fresh-tin-spearmint","name":"Pure Fresh Spearmint Chewing Gum","brand":"Mentos","imageUrls":["https://shop.coles.com.au/wcsstore/Coles-CAS/images/1/4/6/1468020.jpg"],"storeId":"coles","packageSize":"30g","cupPrice":"$6.67 per 100G","locations":{"VIC":{"price":2,"discountRate":25,"promo":"2 for $3","orgPrice":2}},"categoryIds":["c-pantry"],"similarProductIds":[]},{"id":"mentos--caramel-choco-roll","name":"Caramel Choco Roll","brand":"Mentos","imageUrls":["https://shop.coles.com.au/wcsstore/Coles-CAS/images/2/7/4/2744304.jpg"],"storeId":"coles","packageSize":"","cupPrice":"$3.68 per 100G","locations":{"VIC":{"price":1.4,"discountRate":29,"promo":"2 for $2","orgPrice":1.4}},"categoryIds":["c-pantry"],"similarProductIds":[]},{"id":"moccona-classic-coffee-freeze-dried-dark","name":"Classic Dark Roast Instant Coffee","brand":"Moccona","imageUrls":["https://shop.coles.com.au/wcsstore/Coles-CAS/images/6/8/3/6835015.jpg"],"storeId":"coles","packageSize":"400g","cupPrice":"$4.00 per 100G","locations":{"VIC":{"price":16,"discountRate":33,"promo":"","orgPrice":24}},"categoryIds":["c-pantry","c-drinks"],"similarProductIds":[]},{"id":"moccona-freeze-dried-espresso-instant-coffee-granules","name":"Espresso Style Bold & Intense Instant Coffee","brand":"Moccona","imageUrls":["https://shop.coles.com.au/wcsstore/Coles-CAS/images/2/2/6/2269175.jpg"],"storeId":"coles","packageSize":"400g","cupPrice":"$4.00 per 100G","locations":{"VIC":{"price":16,"discountRate":33,"promo":"","orgPrice":24}},"categoryIds":["c-pantry","c-drinks"],"similarProductIds":[]},{"id":"monini-delicato-italian-evoo-3526648p","name":"Delicato Italian Extra Virgin Olive Oil","brand":"Monini","imageUrls":["https://shop.coles.com.au/wcsstore/Coles-CAS/images/3/5/2/3526648.jpg"],"storeId":"coles","packageSize":"750mL","cupPrice":"$1.07 per 100mL","locations":{"VIC":{"price":8,"discountRate":33,"promo":"","orgPrice":12}},"categoryIds":["c-pantry"],"similarProductIds":[]},{"id":"monini-classico-italian-evoo","name":"Classico Italian Extra Virgin Olive Oil","brand":"Monini","imageUrls":["https://shop.coles.com.au/wcsstore/Coles-CAS/images/3/5/2/3526604.jpg"],"storeId":"coles","packageSize":"750mL","cupPrice":"$1.07 per 100mL","locations":{"VIC":{"price":8,"discountRate":33,"promo":"","orgPrice":12}},"categoryIds":["c-pantry"],"similarProductIds":[]},{"id":"moro-olive-oil-balsamic-vinegar","name":"Olive Oil Balsamic Vinegar","brand":"Moro","imageUrls":["https://shop.coles.com.au/wcsstore/Coles-CAS/images/3/0/3/3034097.jpg"],"storeId":"coles","packageSize":"250mL","cupPrice":"$1.40 per 100mL","locations":{"VIC":{"price":3.5,"discountRate":36,"promo":"","orgPrice":5.5}},"categoryIds":["c-pantry"],"similarProductIds":[]},{"id":"natural-chip-co-chips-lentil-craves-sea-salt","name":"Lentil Craves Sea Salt","brand":"Natural Chip Co Chips","imageUrls":["https://shop.coles.com.au/wcsstore/Coles-CAS/images/3/7/2/3723310.jpg"],"storeId":"coles","packageSize":"100g","cupPrice":"$3.00 per 100G","locations":{"VIC":{"price":3,"discountRate":14,"promo":"","orgPrice":3.5}},"categoryIds":["c-pantry"],"similarProductIds":[]},{"id":"natural-chip-co-chips-lentil-craves-sc-chives","name":"Lentil Craves Sour Cream & Chives","brand":"Natural Chip Co Chips","imageUrls":["https://shop.coles.com.au/wcsstore/Coles-CAS/images/3/7/2/3723321.jpg"],"storeId":"coles","packageSize":"100g","cupPrice":"$3.00 per 100G","locations":{"VIC":{"price":3,"discountRate":14,"promo":"","orgPrice":3.5}},"categoryIds":["c-pantry"],"similarProductIds":[]},{"id":"natvia-sweetener-granular","name":"Granular Sweetener","brand":"Natvia","imageUrls":["https://shop.coles.com.au/wcsstore/Coles-CAS/images/7/4/9/7497483.jpg"],"storeId":"coles","packageSize":"300g","cupPrice":"$2.32 per 100G","locations":{"VIC":{"price":6.95,"discountRate":10,"promo":"","orgPrice":7.75}},"categoryIds":["c-pantry"],"similarProductIds":[]},{"id":"nerada-organic-tea-bags-camomile","name":"Camomile Herbal Infusion Tea Bags 40 pack","brand":"Nerada","imageUrls":["https://shop.coles.com.au/wcsstore/Coles-CAS/images/6/3/8/6384980.jpg"],"storeId":"coles","packageSize":"60g","cupPrice":"$5.83 per 100G","locations":{"VIC":{"price":3.5,"discountRate":30,"promo":"","orgPrice":5}},"categoryIds":["c-pantry","c-drinks"],"similarProductIds":[]},{"id":"nescafe-coffee-green-blend","name":"Green Blend Instant Coffee","brand":"Nescafe","imageUrls":["https://shop.coles.com.au/wcsstore/Coles-CAS/images/8/0/5/8051118.jpg"],"storeId":"coles","packageSize":"100g","cupPrice":"$7.00 per 100G","locations":{"VIC":{"price":7,"discountRate":36,"promo":"","orgPrice":11}},"categoryIds":["c-pantry","c-drinks"],"similarProductIds":[]},{"id":"nescafe-gold-coffee-smooth","name":"Gold Smooth Mild Ground Coffee","brand":"Nescafe","imageUrls":["https://shop.coles.com.au/wcsstore/Coles-CAS/images/3/2/0/3208165.jpg"],"storeId":"coles","packageSize":"90g","cupPrice":"$7.78 per 100G","locations":{"VIC":{"price":7,"discountRate":22,"promo":"","orgPrice":9}},"categoryIds":["c-pantry","c-drinks"],"similarProductIds":[]},{"id":"nestle-chocolate-smarties-block","name":"Smarties Chocolate Block","brand":"Nestle","imageUrls":["https://shop.coles.com.au/wcsstore/Coles-CAS/images/6/0/4/6040755.jpg"],"storeId":"coles","packageSize":"180g","cupPrice":"$1.67 per 100G","locations":{"VIC":{"price":3,"discountRate":33,"promo":"","orgPrice":4.5}},"categoryIds":["c-pantry"],"similarProductIds":[]},{"id":"nestle-milo-energy-snack-bars-with-milk","name":"Milo Dipped With White Chocolate Snack Bars 6 Pack","brand":"Nestle","imageUrls":["https://shop.coles.com.au/wcsstore/Coles-CAS/images/4/7/6/4762624.jpg"],"storeId":"coles","packageSize":"160g","cupPrice":"$1.88 per 100G","locations":{"VIC":{"price":3,"discountRate":30,"promo":"","orgPrice":4.3}},"categoryIds":["c-pantry"],"similarProductIds":[]},{"id":"nestle-white-chocolate-cooking-bits","name":"Bakers' Choice White Chocolate Bits","brand":"Nestle","imageUrls":["https://shop.coles.com.au/wcsstore/Coles-CAS/images/5/2/2/5222586.jpg"],"storeId":"coles","packageSize":"200g","cupPrice":"$1.50 per 100G","locations":{"VIC":{"price":3,"discountRate":24,"promo":"","orgPrice":3.95}},"categoryIds":["c-pantry"],"similarProductIds":[]},{"id":"nestle-block-chocolate-milky-bar-whirly","name":"Milky Bar Whirl Chocolate Block","brand":"Nestle","imageUrls":["https://shop.coles.com.au/wcsstore/Coles-CAS/images/3/7/6/3761207.jpg"],"storeId":"coles","packageSize":"170g","cupPrice":"$1.76 per 100G","locations":{"VIC":{"price":3,"discountRate":33,"promo":"","orgPrice":4.5}},"categoryIds":["c-pantry"],"similarProductIds":[]},{"id":"nicabate-cq-patches-clear-21mg","name":"Clear Patch Quit Smoking Step 1 21mg Patches","brand":"Nicabate","imageUrls":["https://shop.coles.com.au/wcsstore/Coles-CAS/images/5/0/6/5069321.jpg"],"storeId":"coles","packageSize":"7 pack","cupPrice":"$4.14 per 1Ea","locations":{"VIC":{"price":29,"discountRate":17,"promo":"","orgPrice":35}},"categoryIds":["c-pantry","c-health--beauty"],"similarProductIds":[]},{"id":"nice-natural-strawberry-blackcurrant-superfruits-bars-6-pack","name":"Strawberry & Blackcurrant Superfruits Muesli Bars 6 Pack","brand":"Nice & Natural","imageUrls":["https://shop.coles.com.au/wcsstore/Coles-CAS/images/2/1/3/2133821.jpg"],"storeId":"coles","packageSize":"180g","cupPrice":"$2.22 per 100G","locations":{"VIC":{"price":4,"discountRate":25,"promo":"Any 2 $6","orgPrice":4}},"categoryIds":["c-pantry"],"similarProductIds":[]},{"id":"obento-udon-noodles","name":"Udon Noodles","brand":"Obento","imageUrls":["https://shop.coles.com.au/wcsstore/Coles-CAS/images/5/9/8/5982943.jpg"],"storeId":"coles","packageSize":"200g","cupPrice":"$0.55 per 100G","locations":{"VIC":{"price":1.09,"discountRate":22,"promo":"","orgPrice":1.4000000000000001}},"categoryIds":["c-pantry"],"similarProductIds":[]},{"id":"orgran-buckwheat-pancake-mix","name":"Buckwheat Pancake Mix","brand":"Orgran","imageUrls":["https://shop.coles.com.au/wcsstore/Coles-CAS/images/5/9/2/5927956.jpg"],"storeId":"coles","packageSize":"375g","cupPrice":"$0.80 per 100G","locations":{"VIC":{"price":3,"discountRate":21,"promo":"","orgPrice":3.8}},"categoryIds":["c-pantry","c-healthy-living"],"similarProductIds":[]},{"id":"passage-to-india-sauce-simmer-saag","name":"Passage To India Saag Curry Simmer Sauce","brand":"Passage Foods","imageUrls":["https://shop.coles.com.au/wcsstore/Coles-CAS/images/3/3/1/3314468.jpg"],"storeId":"coles","packageSize":"375g","cupPrice":"$0.87 per 100G","locations":{"VIC":{"price":3.25,"discountRate":31,"promo":"","orgPrice":4.7}},"categoryIds":["c-pantry","c-international-foods"],"similarProductIds":[]},{"id":"peckish-puff-bites-rice-snacks-soy-chicken","name":"Gluten Free Puff Bites Rice Snacks Soy Chicken","brand":"Peckish","imageUrls":["https://shop.coles.com.au/wcsstore/Coles-CAS/images/3/4/6/3468585.jpg"],"storeId":"coles","packageSize":"80g","cupPrice":"$1.56 per 100G","locations":{"VIC":{"price":1.25,"discountRate":50,"promo":"","orgPrice":2.5}},"categoryIds":["c-pantry"],"similarProductIds":[]},{"id":"poppin-ready-to-eat-popcorn-can-maple","name":"Ready To Eat Popcorn Can Maple","brand":"Poppin","imageUrls":["https://shop.coles.com.au/wcsstore/Coles-CAS/images/3/7/0/3708099.jpg"],"storeId":"coles","packageSize":"90g","cupPrice":"$2.22 per 100G","locations":{"VIC":{"price":2,"discountRate":20,"promo":"","orgPrice":2.5}},"categoryIds":["c-pantry"],"similarProductIds":[]},{"id":"dr-oetker-gelatine-pwder","name":"Gelatine Powder","brand":"Queen","imageUrls":["https://shop.coles.com.au/wcsstore/Coles-CAS/images/2/5/1/2515238.jpg"],"storeId":"coles","packageSize":"36g","cupPrice":"$5.28 per 100G","locations":{"VIC":{"price":1.9,"discountRate":17,"promo":"","orgPrice":2.3}},"categoryIds":["c-pantry"],"similarProductIds":[]},{"id":"red-rock-deli-deluxe-parmesan-truffle","name":"Parmesan & Black Truffle Oil Deluxe Chips","brand":"Red Rock Deli","imageUrls":["https://shop.coles.com.au/wcsstore/Coles-CAS/images/3/5/6/3569108.jpg"],"storeId":"coles","packageSize":"135g","cupPrice":"$2.22 per 100G","locations":{"VIC":{"price":3,"discountRate":33,"promo":"","orgPrice":4.5}},"categoryIds":["c-pantry"],"similarProductIds":[]},{"id":"sis-go-lemon-hydro-tablets-20-pack","name":"Go Lemon Hydro Tablets 20 pack","brand":"SIS","imageUrls":["https://shop.coles.com.au/wcsstore/Coles-CAS/images/2/0/1/2010479.jpg"],"storeId":"coles","packageSize":"","cupPrice":"$0.42 per 1Ea","locations":{"VIC":{"price":8.4,"discountRate":40,"promo":"","orgPrice":14}},"categoryIds":["c-pantry","c-healthy-living"],"similarProductIds":[]},{"id":"san-remo-cous-cous-wholemeal","name":"Wholemeal Cous Cous","brand":"San Remo","imageUrls":["https://shop.coles.com.au/wcsstore/Coles-CAS/images/2/5/9/2599544.jpg"],"storeId":"coles","packageSize":"500g","cupPrice":"$0.40 per 100G","locations":{"VIC":{"price":2,"discountRate":29,"promo":"","orgPrice":2.8}},"categoryIds":["c-pantry"],"similarProductIds":[]},{"id":"san-remo-pulse-pasta-red-lentils-spirals","name":"Red Lentils Spirals Pulse Pasta","brand":"San Remo","imageUrls":["https://shop.coles.com.au/wcsstore/Coles-CAS/images/3/5/8/3582398.jpg"],"storeId":"coles","packageSize":"250g","cupPrice":"$1.40 per 100G","locations":{"VIC":{"price":3.5,"discountRate":17,"promo":"","orgPrice":4.2}},"categoryIds":["c-pantry"],"similarProductIds":[]},{"id":"sandhurst-artichoke-quarters-marinated","name":"Marinated Artichoke Quarters 97% Fat Free","brand":"Sandhurst","imageUrls":["https://shop.coles.com.au/wcsstore/Coles-CAS/images/5/8/9/5892895.jpg"],"storeId":"coles","packageSize":"170g","cupPrice":"$15.29 per 1Kg","locations":{"VIC":{"price":2.6,"discountRate":16,"promo":"","orgPrice":3.1}},"categoryIds":["c-pantry"],"similarProductIds":[]},{"id":"sandhurst-sandwich-stackers","name":"Sandwich Stackers","brand":"Sandhurst","imageUrls":["https://shop.coles.com.au/wcsstore/Coles-CAS/images/2/7/4/2748961.jpg"],"storeId":"coles","packageSize":"500g","cupPrice":"$7.50 per 1Kg","locations":{"VIC":{"price":3.75,"discountRate":11,"promo":"","orgPrice":4.2}},"categoryIds":["c-pantry"],"similarProductIds":[]},{"id":"seeds-of-change-pasta-sauce-tomato-garlic","name":"Organic Tomato & Garlic Pasta Sauce","brand":"Seeds Of Change","imageUrls":["https://shop.coles.com.au/wcsstore/Coles-CAS/images/3/6/3/3639666.jpg"],"storeId":"coles","packageSize":"500g","cupPrice":"$0.50 per 100G","locations":{"VIC":{"price":2.5,"discountRate":40,"promo":"","orgPrice":4.2}},"categoryIds":["c-pantry"],"similarProductIds":[]},{"id":"seeds-of-change-pasta-sauce-classic-bolognese","name":"Organic Classic Bolognese Pasta Sauce","brand":"Seeds Of Change","imageUrls":["https://shop.coles.com.au/wcsstore/Coles-CAS/images/3/6/3/3639655.jpg"],"storeId":"coles","packageSize":"500g","cupPrice":"$0.50 per 100G","locations":{"VIC":{"price":2.5,"discountRate":40,"promo":"","orgPrice":4.2}},"categoryIds":["c-pantry"],"similarProductIds":[]},{"id":"smiths-crinkle-potato-chips-sth-fried-chicken","name":"Teriyaki Chicken Flavour Potato Chips","brand":"Smith's","imageUrls":["https://shop.coles.com.au/wcsstore/Coles-CAS/images/3/5/6/3566846.jpg"],"storeId":"coles","packageSize":"150g","cupPrice":"$1.17 per 100G","locations":{"VIC":{"price":1.75,"discountRate":50,"promo":"","orgPrice":3.5}},"categoryIds":["c-pantry"],"similarProductIds":[]},{"id":"spam-spiced-ham-less-salt","name":"Spiced Ham Less Salt","brand":"Spam","imageUrls":["https://shop.coles.com.au/wcsstore/Coles-CAS/images/3/9/9/399250.jpg"],"storeId":"coles","packageSize":"340g","cupPrice":"$11.76 per 1Kg","locations":{"VIC":{"price":4,"discountRate":27,"promo":"","orgPrice":5.5}},"categoryIds":["c-pantry"],"similarProductIds":[]},{"id":"stacy-s-pita-chip-cracker-sea-salt","name":"Pita Chip Cracker Sea Salt","brand":"Stacy's","imageUrls":["https://shop.coles.com.au/wcsstore/Coles-CAS/images/3/7/0/3706016.jpg"],"storeId":"coles","packageSize":"170g","cupPrice":"$1.76 per 100G","locations":{"VIC":{"price":3,"discountRate":33,"promo":"","orgPrice":4.5}},"categoryIds":["c-pantry"],"similarProductIds":[]},{"id":"starbucks-blonde-espresso-roast-capsules","name":"By Nespresso Blonde Espresso Roast Capsules","brand":"Starbucks","imageUrls":["https://shop.coles.com.au/wcsstore/Coles-CAS/images/3/6/1/3613061.jpg"],"storeId":"coles","packageSize":"10 pack","cupPrice":"$0.50 per 1Ea","locations":{"VIC":{"price":5,"discountRate":28,"promo":"","orgPrice":6.9}},"categoryIds":["c-pantry","c-drinks"],"similarProductIds":[]},{"id":"starbucks-single-origin-colombia-capsules","name":"By Nespresso Single Origin Coffee Colombia Capsules","brand":"Starbucks","imageUrls":["https://shop.coles.com.au/wcsstore/Coles-CAS/images/3/6/1/3612987.jpg"],"storeId":"coles","packageSize":"10 pack","cupPrice":"$0.50 per 1Ea","locations":{"VIC":{"price":5,"discountRate":28,"promo":"","orgPrice":6.9}},"categoryIds":["c-pantry","c-drinks"],"similarProductIds":[]},{"id":"starbucks-medium-roast-premium-instant-coffe","name":"Medium Roast Premium Instant Coffee","brand":"Starbucks","imageUrls":["https://shop.coles.com.au/wcsstore/Coles-CAS/images/3/7/7/3771798.jpg"],"storeId":"coles","packageSize":"90g","cupPrice":"$7.78 per 100G","locations":{"VIC":{"price":7,"discountRate":30,"promo":"","orgPrice":9.95}},"categoryIds":["c-pantry","c-drinks"],"similarProductIds":[]},{"id":"starbucks-caramel-latte-premium-instant-mixes","name":"Caramel Latte Premium Instant Mixes","brand":"Starbucks","imageUrls":["https://shop.coles.com.au/wcsstore/Coles-CAS/images/3/7/7/3771776.jpg"],"storeId":"coles","packageSize":"5 pack","cupPrice":"$0.80 per 1Ea","locations":{"VIC":{"price":4,"discountRate":32,"promo":"","orgPrice":5.9}},"categoryIds":["c-pantry","c-drinks"],"similarProductIds":[]},{"id":"starbucks-caffe-verona-ground","name":"Caffe Verona Ground","brand":"Starbucks","imageUrls":["https://shop.coles.com.au/wcsstore/Coles-CAS/images/3/7/7/3771470.jpg"],"storeId":"coles","packageSize":"200g","cupPrice":"$3.15 per 100G","locations":{"VIC":{"price":6.3,"discountRate":30,"promo":"","orgPrice":9}},"categoryIds":["c-pantry","c-drinks"],"similarProductIds":[]},{"id":"starbucks-caffe-mocha-premium-instant-mixes","name":"Cafe Mocha Premium Instant Mixes","brand":"Starbucks","imageUrls":["https://shop.coles.com.au/wcsstore/Coles-CAS/images/3/7/7/3771754.jpg"],"storeId":"coles","packageSize":"5 pack","cupPrice":"$0.80 per 1Ea","locations":{"VIC":{"price":4,"discountRate":32,"promo":"","orgPrice":5.9}},"categoryIds":["c-pantry","c-drinks"],"similarProductIds":[]},{"id":"sunbeam-sultanas-apricots","name":"Sultanas & Apricot Snack 6 Pack","brand":"Sunbeam","imageUrls":["https://shop.coles.com.au/wcsstore/Coles-CAS/images/9/4/6/9461793.jpg"],"storeId":"coles","packageSize":"222g","cupPrice":"$10.81 per 1Kg","locations":{"VIC":{"price":2.4,"discountRate":0,"promo":"","orgPrice":2.4}},"categoryIds":["c-pantry"],"similarProductIds":[]},{"id":"table-of-plenty-tomato-basil-mini-rice-cakes","name":"Tomato & Sweet Basil Mini Rice Cakes","brand":"Table Of Plenty","imageUrls":["https://shop.coles.com.au/wcsstore/Coles-CAS/images/3/7/5/3757935.jpg"],"storeId":"coles","packageSize":"60g","cupPrice":"$3.33 per 100G","locations":{"VIC":{"price":2,"discountRate":38,"promo":"","orgPrice":3.2}},"categoryIds":["c-pantry","c-healthy-living"],"similarProductIds":[]},{"id":"terrys-chocolate-orange-milk","name":"Milk Chocolate Orange Gift Box","brand":"Terrys","imageUrls":["https://shop.coles.com.au/wcsstore/Coles-CAS/images/5/0/3/5031920.jpg"],"storeId":"coles","packageSize":"157g","cupPrice":"$2.87 per 100G","locations":{"VIC":{"price":4.5,"discountRate":25,"promo":"","orgPrice":6}},"categoryIds":["c-pantry"],"similarProductIds":[]},{"id":"the-bar-counter-high-protein-chocolate-brownie-crunch","name":"High Protein Chocolate Brownie Crunch","brand":"The Bar Counter","imageUrls":["https://shop.coles.com.au/wcsstore/Coles-CAS/images/1/7/5/1751246.jpg"],"storeId":"coles","packageSize":"","cupPrice":"","locations":{"VIC":{"price":2.5,"discountRate":20,"promo":"Any 2 $4","orgPrice":2.5}},"categoryIds":["c-pantry","c-healthy-living"],"similarProductIds":[]},{"id":"the-goods-vegan-mayonnaise-3516225p","name":"Vegan Mayonnaise","brand":"The Goods","imageUrls":["https://shop.coles.com.au/wcsstore/Coles-CAS/images/3/5/1/3516225.jpg"],"storeId":"coles","packageSize":"475g","cupPrice":"$0.84 per 100G","locations":{"VIC":{"price":4,"discountRate":33,"promo":"","orgPrice":6}},"categoryIds":["c-pantry","c-healthy-living"],"similarProductIds":[]},{"id":"happy-snacks-company-chickpeas-chocolate","name":"Chocolate Roasted Chickpeas 5 Pack","brand":"The Happy Snacks Company","imageUrls":["https://shop.coles.com.au/wcsstore/Coles-CAS/images/3/5/5/3554100.jpg"],"storeId":"coles","packageSize":"100g","cupPrice":"$4.20 per 100G","locations":{"VIC":{"price":4.2,"discountRate":21,"promo":"","orgPrice":5.300000000000001}},"categoryIds":["c-pantry","c-healthy-living"],"similarProductIds":[]},{"id":"happy-snacks-company-chickpeas-dark-choc-rasp","name":"Dark Choc & Raspberry Roasted Chickpeas 5 pack","brand":"The Happy Snacks Company","imageUrls":["https://shop.coles.com.au/wcsstore/Coles-CAS/images/3/5/5/3554111.jpg"],"storeId":"coles","packageSize":"100g","cupPrice":"$4.20 per 100G","locations":{"VIC":{"price":4.2,"discountRate":21,"promo":"","orgPrice":5.300000000000001}},"categoryIds":["c-pantry","c-healthy-living"],"similarProductIds":[]},{"id":"the-spice-tailor-indonesian-rendang-curry-3735830p","name":"Indonesian Rendang Curry","brand":"The Spice Tailor","imageUrls":["https://shop.coles.com.au/wcsstore/Coles-CAS/images/3/7/3/3735830.jpg"],"storeId":"coles","packageSize":"275g","cupPrice":"$1.82 per 100G","locations":{"VIC":{"price":5,"discountRate":17,"promo":"","orgPrice":6}},"categoryIds":["c-pantry","c-international-foods"],"similarProductIds":[]},{"id":"the-spice-tailor-malabar-biriyani","name":"Malabar Biriyani","brand":"The Spice Tailor","imageUrls":["https://shop.coles.com.au/wcsstore/Coles-CAS/images/3/7/6/3760496.jpg"],"storeId":"coles","packageSize":"360g","cupPrice":"$1.22 per 100G","locations":{"VIC":{"price":4.4,"discountRate":20,"promo":"","orgPrice":5.5}},"categoryIds":["c-pantry","c-international-foods"],"similarProductIds":[]},{"id":"the-spice-tailor-dehli-biriyani","name":"Delhi Biriyani","brand":"The Spice Tailor","imageUrls":["https://shop.coles.com.au/wcsstore/Coles-CAS/images/3/7/6/3760463.jpg"],"storeId":"coles","packageSize":"360g","cupPrice":"$1.22 per 100G","locations":{"VIC":{"price":4.4,"discountRate":20,"promo":"","orgPrice":5.5}},"categoryIds":["c-pantry","c-international-foods"],"similarProductIds":[]},{"id":"tic-tac-peppermint","name":"Peppermint","brand":"Tic Tac","imageUrls":["https://shop.coles.com.au/wcsstore/Coles-CAS/images/5/6/6/5666932.jpg"],"storeId":"coles","packageSize":"24g","cupPrice":"$6.25 per 100G","locations":{"VIC":{"price":1.5,"discountRate":17,"promo":"","orgPrice":1.8}},"categoryIds":["c-pantry"],"similarProductIds":[]},{"id":"twinings-tea-bags-blackcurrent-blueberry","name":"Blackcurrant & Blueberry Tea Bags","brand":"Twining's","imageUrls":["https://shop.coles.com.au/wcsstore/Coles-CAS/images/3/7/0/3708758.jpg"],"storeId":"coles","packageSize":"10 pack","cupPrice":"$0.20 per 1Ea","locations":{"VIC":{"price":2,"discountRate":26,"promo":"","orgPrice":2.7}},"categoryIds":["c-pantry","c-drinks"],"similarProductIds":[]},{"id":"twinings-herbal-infusions-tea-bags-chamomile-spearmint","name":"Chamomile & Spearmint Herbal Infusions Tea Bags 10 pack","brand":"Twinings","imageUrls":["https://shop.coles.com.au/wcsstore/Coles-CAS/images/8/1/1/8117238.jpg"],"storeId":"coles","packageSize":"15g","cupPrice":"$13.33 per 100G","locations":{"VIC":{"price":2,"discountRate":26,"promo":"","orgPrice":2.7}},"categoryIds":["c-pantry","c-drinks"],"similarProductIds":[]},{"id":"twinings-leaf-tea-english-breakfast","name":"English Breakfast Leaf Tea","brand":"Twinings","imageUrls":["https://shop.coles.com.au/wcsstore/Coles-CAS/images/3/4/4/344597.jpg"],"storeId":"coles","packageSize":"125g","cupPrice":"$4.00 per 100G","locations":{"VIC":{"price":5,"discountRate":29,"promo":"","orgPrice":7}},"categoryIds":["c-pantry","c-drinks"],"similarProductIds":[]},{"id":"twinings-leaf-tea-earl-grey","name":"Earl Grey Loose Leaf Tea","brand":"Twinings","imageUrls":["https://shop.coles.com.au/wcsstore/Coles-CAS/images/3/4/4/344575.jpg"],"storeId":"coles","packageSize":"125g","cupPrice":"$4.00 per 100G","locations":{"VIC":{"price":5,"discountRate":29,"promo":"","orgPrice":7}},"categoryIds":["c-pantry","c-drinks"],"similarProductIds":[]},{"id":"twinings-classics-tea-bags-earl-grey-341792p","name":"Earl Grey Tea Bags 10 pack","brand":"Twinings","imageUrls":["https://shop.coles.com.au/wcsstore/Coles-CAS/images/3/4/1/341792.jpg"],"storeId":"coles","packageSize":"20g","cupPrice":"$10.00 per 100G","locations":{"VIC":{"price":2,"discountRate":26,"promo":"","orgPrice":2.7}},"categoryIds":["c-pantry","c-drinks"],"similarProductIds":[]},{"id":"uncle-tobys-ancient-grains-seeds","name":"Ancient Grains & Seeds Bars 5 pack","brand":"Uncle Tobys","imageUrls":["https://shop.coles.com.au/wcsstore/Coles-CAS/images/3/5/8/3584779.jpg"],"storeId":"coles","packageSize":"175g","cupPrice":"$1.71 per 100G","locations":{"VIC":{"price":3,"discountRate":40,"promo":"","orgPrice":5}},"categoryIds":["c-pantry"],"similarProductIds":[]},{"id":"wrigleys-pk-chewing-gum-family-pack","name":"P.K Gold Original Chewing Gum Multipack 5 x 10 Piece Pack","brand":"Wrigley's","imageUrls":["https://shop.coles.com.au/wcsstore/Coles-CAS/images/4/1/7/417056.jpg"],"storeId":"coles","packageSize":"70g","cupPrice":"$4.00 per 100G","locations":{"VIC":{"price":2.8,"discountRate":20,"promo":"","orgPrice":3.5}},"categoryIds":["c-pantry"],"similarProductIds":[]},{"id":"extra-chewing-gum-peppermint-10-piece-4-pack","name":"Extra Peppermint Sugar Free Chewing Gum 4 x 10 Piece Pack","brand":"Wrigley's","imageUrls":["https://shop.coles.com.au/wcsstore/Coles-CAS/images/2/6/5/2655146.jpg"],"storeId":"coles","packageSize":"56g","cupPrice":"$5.00 per 100G","locations":{"VIC":{"price":2.8,"discountRate":20,"promo":"","orgPrice":3.5}},"categoryIds":["c-pantry"],"similarProductIds":[]},{"id":"wrigleys-eclipse-mints-peppermint-3454729p","name":"Eclipse Sugar Free Peppermint Mints Large Tin","brand":"Wrigley's","imageUrls":["https://shop.coles.com.au/wcsstore/Coles-CAS/images/3/4/5/3454729.jpg"],"storeId":"coles","packageSize":"40g","cupPrice":"$6.00 per 100G","locations":{"VIC":{"price":2.4,"discountRate":20,"promo":"","orgPrice":3}},"categoryIds":["c-pantry"],"similarProductIds":[]},{"id":"wrigleys-eclipse-mints-strawberry","name":"Eclipse Sugar Free Strawberry Mints Large Tin","brand":"Wrigley's","imageUrls":["https://shop.coles.com.au/wcsstore/Coles-CAS/images/3/4/5/3454707.jpg"],"storeId":"coles","packageSize":"40g","cupPrice":"$6.00 per 100G","locations":{"VIC":{"price":2.4,"discountRate":20,"promo":"","orgPrice":3}},"categoryIds":["c-pantry"],"similarProductIds":[]},{"id":"wrigleys-eclipse-mints-spearmint-3454682p","name":"Eclipse Sugar Free Spearmint Mints Large Tin","brand":"Wrigley's","imageUrls":["https://shop.coles.com.au/wcsstore/Coles-CAS/images/3/4/5/3454682.jpg"],"storeId":"coles","packageSize":"40g","cupPrice":"$6.00 per 100G","locations":{"VIC":{"price":2.4,"discountRate":20,"promo":"","orgPrice":3}},"categoryIds":["c-pantry"],"similarProductIds":[]},{"id":"aeroplane-25%25-reduced-sugar-jelly-lime","name":"Lime Jelly Crystals 30% Reduced Sugar","brand":"Aeroplane","imageUrls":["https://shop.coles.com.au/wcsstore/Coles-CAS/images/7/6/7/7673677.jpg"],"storeId":"coles","packageSize":"85g","cupPrice":"$1.18 per 100G","locations":{"VIC":{"price":1,"discountRate":20,"promo":"","orgPrice":1.25}},"categoryIds":["c-pantry"],"similarProductIds":[]},{"id":"aeroplane-jelly-crystals-raspberry","name":"Raspberry Jelly Crystals 30% Reduced Sugar","brand":"Aeroplane","imageUrls":["https://shop.coles.com.au/wcsstore/Coles-CAS/images/6/6/0/6607350.jpg"],"storeId":"coles","packageSize":"85g","cupPrice":"$1.18 per 100G","locations":{"VIC":{"price":1,"discountRate":20,"promo":"","orgPrice":1.25}},"categoryIds":["c-pantry"],"similarProductIds":[]},{"id":"aeroplane-jelly-reduced-sugar-blackcurrant","name":"Blackcurrant Jelly Crystals 30% Reduced Sugar","brand":"Aeroplane","imageUrls":["https://shop.coles.com.au/wcsstore/Coles-CAS/images/1/3/8/1389171.jpg"],"storeId":"coles","packageSize":"85g","cupPrice":"$1.18 per 100G","locations":{"VIC":{"price":1,"discountRate":20,"promo":"","orgPrice":1.25}},"categoryIds":["c-pantry"],"similarProductIds":[]},{"id":"ajishima-miso-fungi-soybean-soup-mix-2-pack","name":"Freeze Dried Miso Soup With Fungi","brand":"Ajishima","imageUrls":["https://shop.coles.com.au/wcsstore/Coles-CAS/images/2/0/0/2005399.jpg"],"storeId":"coles","packageSize":"12g","cupPrice":"$2.00 per 10G","locations":{"VIC":{"price":2.4,"discountRate":33,"promo":"Any 2 $3.20","orgPrice":2.4}},"categoryIds":["c-pantry","c-international-foods"],"similarProductIds":[]},{"id":"allens-block-chocolate-freckles","name":"Freckles Milk Chocolate","brand":"Allen's","imageUrls":["https://shop.coles.com.au/wcsstore/Coles-CAS/images/3/3/0/3300077.jpg"],"storeId":"coles","packageSize":"170g","cupPrice":"$1.76 per 100G","locations":{"VIC":{"price":3,"discountRate":33,"promo":"","orgPrice":4.5}},"categoryIds":["c-pantry"],"similarProductIds":[]},{"id":"aloe-vera-of-australia-juice-plain-natural","name":"Plain Natural Juice","brand":"Aloe Vera of Australia","imageUrls":["https://shop.coles.com.au/wcsstore/Coles-CAS/images/5/5/8/5585579.jpg"],"storeId":"coles","packageSize":"1L","cupPrice":"$9.40 per 1L","locations":{"VIC":{"price":9.4,"discountRate":24,"promo":"","orgPrice":12.4}},"categoryIds":["c-pantry","c-healthy-living"],"similarProductIds":[]},{"id":"always-fresh-duck-fat","name":"French Duck Fat Spread","brand":"Always Fresh","imageUrls":["https://shop.coles.com.au/wcsstore/Coles-CAS/images/2/6/7/2679847.jpg"],"storeId":"coles","packageSize":"200g","cupPrice":"$3.00 per 100G","locations":{"VIC":{"price":6,"discountRate":10,"promo":"","orgPrice":6.7}},"categoryIds":["c-pantry"],"similarProductIds":[]},{"id":"always-fresh-amaretti-biscuits","name":"Amaretti Biscuits","brand":"Always Fresh","imageUrls":["https://shop.coles.com.au/wcsstore/Coles-CAS/images/3/7/6/3763428.jpg"],"storeId":"coles","packageSize":"150g","cupPrice":"$1.87 per 100G","locations":{"VIC":{"price":2.8,"discountRate":20,"promo":"","orgPrice":3.5}},"categoryIds":["c-pantry"],"similarProductIds":[]},{"id":"always-fresh-pasticcini-biscuits-lemon","name":"Pasticcini Lemon Biscuits","brand":"Always Fresh","imageUrls":["https://shop.coles.com.au/wcsstore/Coles-CAS/images/3/7/6/3763406.jpg"],"storeId":"coles","packageSize":"110g","cupPrice":"$2.55 per 100G","locations":{"VIC":{"price":2.8,"discountRate":20,"promo":"","orgPrice":3.5}},"categoryIds":["c-pantry"],"similarProductIds":[]},{"id":"allens-throat-lozenges-anticol","name":"Medicated Throat Lozenges Original Menthol","brand":"Anticol","imageUrls":["https://shop.coles.com.au/wcsstore/Coles-CAS/images/1/6/5/165168.jpg"],"storeId":"coles","packageSize":"50g","cupPrice":"$3.50 per 100G","locations":{"VIC":{"price":1.75,"discountRate":20,"promo":"","orgPrice":2.2}},"categoryIds":["c-pantry"],"similarProductIds":[]},{"id":"arnotts-shapes-crackers-lamb-rosemary","name":"Shapes Crackers Lamb Rosemary","brand":"Arnott's","imageUrls":["https://shop.coles.com.au/wcsstore/Coles-CAS/images/3/8/0/3806870.jpg"],"storeId":"coles","packageSize":"165g","cupPrice":"$1.94 per 100G","locations":{"VIC":{"price":3.2,"discountRate":22,"promo":"Any 2 $5","orgPrice":3.2}},"categoryIds":["c-pantry"],"similarProductIds":[]},{"id":"arnotts-dare-biscuit-iced-coffe-slice","name":"Dare Iced Coffee Slice Chocolate Biscuit","brand":"Arnott's","imageUrls":["https://shop.coles.com.au/wcsstore/Coles-CAS/images/3/8/2/3824828.jpg"],"storeId":"coles","packageSize":"185g","cupPrice":"$0.98 per 100G","locations":{"VIC":{"price":1.82,"discountRate":50,"promo":"","orgPrice":3.6500000000000004}},"categoryIds":["c-pantry"],"similarProductIds":[]},{"id":"aussie-bodies-hplc-bar-chocolate","name":"HPLC Chocolate Protein Bar","brand":"Aussie Bodies","imageUrls":["https://shop.coles.com.au/wcsstore/Coles-CAS/images/8/6/0/8604658.jpg"],"storeId":"coles","packageSize":"100g","cupPrice":"$4.00 per 100G","locations":{"VIC":{"price":4,"discountRate":20,"promo":"","orgPrice":5}},"categoryIds":["c-pantry","c-healthy-living"],"similarProductIds":[]},{"id":"aussie-bodies-protein-fx-honey-almond-crunch-bars","name":"FX Lo Carb Honey Almond Crunch Protein Bar","brand":"Aussie Bodies","imageUrls":["https://shop.coles.com.au/wcsstore/Coles-CAS/images/2/0/1/2015235.jpg"],"storeId":"coles","packageSize":"40g","cupPrice":"$5.00 per 100G","locations":{"VIC":{"price":2,"discountRate":29,"promo":"","orgPrice":2.8}},"categoryIds":["c-pantry","c-healthy-living"],"similarProductIds":[]},{"id":"aussie-bodies-protein-fx-lo-carb-crunch-rocky-road-bar","name":"FX Lo Carb Rocky Road Crunch Protein Bar","brand":"Aussie Bodies","imageUrls":["https://shop.coles.com.au/wcsstore/Coles-CAS/images/2/4/8/2481566.jpg"],"storeId":"coles","packageSize":"40g","cupPrice":"$5.00 per 100G","locations":{"VIC":{"price":2,"discountRate":29,"promo":"","orgPrice":2.8}},"categoryIds":["c-pantry","c-healthy-living"],"similarProductIds":[]},{"id":"bsc-powder-nitro-bulk-mass-gain-formulachocolate","name":"Nitrobulk Build Muscle Protein Chocolate Fudge Powder","brand":"BSC","imageUrls":["https://shop.coles.com.au/wcsstore/Coles-CAS/images/9/9/1/9919461.jpg"],"storeId":"coles","packageSize":"500g","cupPrice":"$3.75 per 100G","locations":{"VIC":{"price":18.75,"discountRate":25,"promo":"","orgPrice":25}},"categoryIds":["c-pantry","c-healthy-living"],"similarProductIds":[]},{"id":"nitrovol-primal-protein-primal-peanut-butter-fudge-protein-bar","name":"High Protein Peanut Butter Fudge Muscle Bar","brand":"BSC","imageUrls":["https://shop.coles.com.au/wcsstore/Coles-CAS/images/2/0/2/2021191.jpg"],"storeId":"coles","packageSize":"80g","cupPrice":"$4.38 per 100G","locations":{"VIC":{"price":3.5,"discountRate":30,"promo":"","orgPrice":5}},"categoryIds":["c-pantry","c-healthy-living"],"similarProductIds":[]},{"id":"bsc-rtd-complete-protien-double-shot-espresso-shake","name":"Muscle Protein Shake Double Shot Espresso","brand":"BSC","imageUrls":["https://shop.coles.com.au/wcsstore/Coles-CAS/images/2/9/7/2976070.jpg"],"storeId":"coles","packageSize":"450mL","cupPrice":"$0.73 per 100mL","locations":{"VIC":{"price":3.3,"discountRate":27,"promo":"","orgPrice":4.5}},"categoryIds":["c-pantry","c-healthy-living"],"similarProductIds":[]},{"id":"bsc-high-protein-bar-dough-cookie","name":"High Protein Cookie Dough Bar","brand":"BSC","imageUrls":["https://shop.coles.com.au/wcsstore/Coles-CAS/images/2/8/9/2898818.jpg"],"storeId":"coles","packageSize":"60g","cupPrice":"$5.00 per 100G","locations":{"VIC":{"price":3,"discountRate":25,"promo":"","orgPrice":4}},"categoryIds":["c-pantry","c-healthy-living"],"similarProductIds":[]},{"id":"bsc-body-science-hi-protein-bar-salted-carml","name":"High Protein Salted Caramel Bar","brand":"BSC","imageUrls":["https://shop.coles.com.au/wcsstore/Coles-CAS/images/3/1/2/3125840.jpg"],"storeId":"coles","packageSize":"60g","cupPrice":"$5.00 per 100G","locations":{"VIC":{"price":3,"discountRate":25,"promo":"","orgPrice":4}},"categoryIds":["c-pantry","c-healthy-living"],"similarProductIds":[]},{"id":"bsc-whey-protein-vanilla","name":"Vanilla Flavour Whey Protein","brand":"BSC","imageUrls":["https://shop.coles.com.au/wcsstore/Coles-CAS/images/3/4/9/3498065.jpg"],"storeId":"coles","packageSize":"400g","cupPrice":"$4.31 per 100G","locations":{"VIC":{"price":17.25,"discountRate":25,"promo":"","orgPrice":23}},"categoryIds":["c-pantry","c-healthy-living"],"similarProductIds":[]},{"id":"bsc-clean-plant-protein-bar-choc-lamington","name":"Gluten Free Choc Lamington Clean Bar","brand":"BSC","imageUrls":["https://shop.coles.com.au/wcsstore/Coles-CAS/images/3/4/9/3498021.jpg"],"storeId":"coles","packageSize":"50g","cupPrice":"$0.70 per 10G","locations":{"VIC":{"price":3.5,"discountRate":13,"promo":"","orgPrice":4}},"categoryIds":["c-pantry","c-healthy-living"],"similarProductIds":[]},{"id":"baxters-caramelised-onion-relish","name":"Caramelised Onion Relish","brand":"Baxters","imageUrls":["https://shop.coles.com.au/wcsstore/Coles-CAS/images/2/4/2/2426069.jpg"],"storeId":"coles","packageSize":"240g","cupPrice":"$1.38 per 100G","locations":{"VIC":{"price":3.3,"discountRate":23,"promo":"","orgPrice":4.3}},"categoryIds":["c-pantry"],"similarProductIds":[]},{"id":"baxters-fig-date-balsamic-chutney-2426036p","name":"Fig Date & Balsamic Chutney","brand":"Baxters","imageUrls":["https://shop.coles.com.au/wcsstore/Coles-CAS/images/2/4/2/2426036.jpg"],"storeId":"coles","packageSize":"235g","cupPrice":"$1.40 per 100G","locations":{"VIC":{"price":3.3,"discountRate":23,"promo":"","orgPrice":4.3}},"categoryIds":["c-pantry"],"similarProductIds":[]},{"id":"baxters-chilli-jam","name":"Chilli Jam","brand":"Baxters","imageUrls":["https://shop.coles.com.au/wcsstore/Coles-CAS/images/3/5/0/3502570.jpg"],"storeId":"coles","packageSize":"225g","cupPrice":"$1.47 per 100G","locations":{"VIC":{"price":3.3,"discountRate":23,"promo":"","orgPrice":4.3}},"categoryIds":["c-pantry"],"similarProductIds":[]},{"id":"belvita-raspberry-vanilla-bean-coconut-bites-90g","name":"Raspberry Vanilla Bean Coconut Bites","brand":"Belvita","imageUrls":["https://shop.coles.com.au/wcsstore/Coles-CAS/images/3/7/9/3791310.jpg"],"storeId":"coles","packageSize":"90 GRAM","cupPrice":"","locations":{"VIC":{"price":3.7,"discountRate":21,"promo":"","orgPrice":4.7}},"categoryIds":["c-pantry"],"similarProductIds":[]},{"id":"fig-pear-baked-bar","name":"Fig & Pear Bakes Bar","brand":"Belvita","imageUrls":["https://shop.coles.com.au/wcsstore/Coles-CAS/images/3/7/9/3791467.jpg"],"storeId":"coles","packageSize":"180g","cupPrice":"$2.56 per 100G","locations":{"VIC":{"price":4.6,"discountRate":21,"promo":"","orgPrice":5.8}},"categoryIds":["c-pantry"],"similarProductIds":[]},{"id":"belvita-dark-chocolate-baked-bar-180g","name":"Dark Chocolate Baked Bar","brand":"Belvita","imageUrls":["https://shop.coles.com.au/wcsstore/Coles-CAS/images/3/7/9/3791456.jpg"],"storeId":"coles","packageSize":"180g","cupPrice":"$2.56 per 100G","locations":{"VIC":{"price":4.6,"discountRate":21,"promo":"","orgPrice":5.8}},"categoryIds":["c-pantry"],"similarProductIds":[]},{"id":"belvita-bites-raspberry-vanilla","name":"Raspberry & Vanilla With Cranberry Baked Bar","brand":"Belvita","imageUrls":["https://shop.coles.com.au/wcsstore/Coles-CAS/images/3/7/9/3791387.jpg"],"storeId":"coles","packageSize":"180g","cupPrice":"$2.56 per 100G","locations":{"VIC":{"price":4.6,"discountRate":21,"promo":"","orgPrice":5.8}},"categoryIds":["c-pantry"],"similarProductIds":[]},{"id":"belvita-chocolate-cranberry-coconut","name":"Chocolate & Cranberry Coconut Bites","brand":"Belvita","imageUrls":["https://shop.coles.com.au/wcsstore/Coles-CAS/images/3/7/9/3791354.jpg"],"storeId":"coles","packageSize":"90g","cupPrice":"$411.57 per 100G","locations":{"VIC":{"price":3.7,"discountRate":21,"promo":"","orgPrice":4.7}},"categoryIds":["c-pantry"],"similarProductIds":[]},{"id":"betty-crocker-brownie-mix-frosted-chocolate","name":"Frosted Chocolate Brownie Mix","brand":"Betty Crocker","imageUrls":["https://shop.coles.com.au/wcsstore/Coles-CAS/images/6/4/3/6432019.jpg"],"storeId":"coles","packageSize":"500g","cupPrice":"$0.80 per 100G","locations":{"VIC":{"price":4,"discountRate":23,"promo":"","orgPrice":5.2}},"categoryIds":["c-pantry"],"similarProductIds":[]},{"id":"betty-crocker-cupcake-mix-vanilla","name":"Vanilla Cupcake Mix","brand":"Betty Crocker","imageUrls":["https://shop.coles.com.au/wcsstore/Coles-CAS/images/6/9/2/6922109.jpg"],"storeId":"coles","packageSize":"450g","cupPrice":"$0.89 per 100G","locations":{"VIC":{"price":4,"discountRate":23,"promo":"","orgPrice":5.2}},"categoryIds":["c-pantry"],"similarProductIds":[]},{"id":"betty-crocker-cake-mix-chocolate-fudge","name":"Chocolate Fudge Cake Mix","brand":"Betty Crocker","imageUrls":["https://shop.coles.com.au/wcsstore/Coles-CAS/images/9/4/9/9491284.jpg"],"storeId":"coles","packageSize":"540g","cupPrice":"$0.74 per 100G","locations":{"VIC":{"price":4,"discountRate":23,"promo":"","orgPrice":5.2}},"categoryIds":["c-pantry"],"similarProductIds":[]},{"id":"betty-crocker-muffin-mix-apple-cinnamon","name":"Apple & Cinnamon Muffin Mix Low Fat","brand":"Betty Crocker","imageUrls":["https://shop.coles.com.au/wcsstore/Coles-CAS/images/9/4/9/9491207.jpg"],"storeId":"coles","packageSize":"500g","cupPrice":"$0.80 per 100G","locations":{"VIC":{"price":4,"discountRate":23,"promo":"","orgPrice":5.2}},"categoryIds":["c-pantry"],"similarProductIds":[]},{"id":"betty-crocker-muffin-mix-blueberry","name":"Blueberry Muffin Mix","brand":"Betty Crocker","imageUrls":["https://shop.coles.com.au/wcsstore/Coles-CAS/images/9/4/9/9491273.jpg"],"storeId":"coles","packageSize":"500g","cupPrice":"$0.80 per 100G","locations":{"VIC":{"price":4,"discountRate":23,"promo":"","orgPrice":5.2}},"categoryIds":["c-pantry"],"similarProductIds":[]},{"id":"betty-crocker-cinnamon-crumble-muffin","name":"Cinnamon Crumble Muffin Mix","brand":"Betty Crocker","imageUrls":["https://shop.coles.com.au/wcsstore/Coles-CAS/images/8/6/2/8622004.jpg"],"storeId":"coles","packageSize":"500g","cupPrice":"$0.80 per 100G","locations":{"VIC":{"price":4,"discountRate":23,"promo":"","orgPrice":5.2}},"categoryIds":["c-pantry"],"similarProductIds":[]},{"id":"betty-crocker-rainbow-cake-mix","name":"Rainbow Cake Mix","brand":"Betty Crocker","imageUrls":["https://shop.coles.com.au/wcsstore/Coles-CAS/images/3/7/6/3765478.jpg"],"storeId":"coles","packageSize":"480g","cupPrice":"$0.83 per 100G","locations":{"VIC":{"price":4,"discountRate":23,"promo":"","orgPrice":5.2}},"categoryIds":["c-pantry"],"similarProductIds":[]},{"id":"bonvit-tea-bags-dandelion","name":"Dandelion Tea Bags","brand":"Bonvit","imageUrls":["https://shop.coles.com.au/wcsstore/Coles-CAS/images/7/0/3/7032628.jpg"],"storeId":"coles","packageSize":"32 pack","cupPrice":"$5.94 per 100G","locations":{"VIC":{"price":5.35,"discountRate":33,"promo":"","orgPrice":8}},"categoryIds":["c-pantry","c-healthy-living"],"similarProductIds":[]},{"id":"bounce-protein-balls-almond-hit","name":"Gluten Free Almond Natural Energy Ball","brand":"Bounce","imageUrls":["https://shop.coles.com.au/wcsstore/Coles-CAS/images/1/4/9/1499588.jpg"],"storeId":"coles","packageSize":"49g","cupPrice":"$0.41 per 10G","locations":{"VIC":{"price":2,"discountRate":33,"promo":"","orgPrice":3}},"categoryIds":["c-pantry","c-healthy-living"],"similarProductIds":[]},{"id":"plant-power-cashew-peanut","name":"Gluten Free Plant Protein Peanut Butter Cacao Energy Ball","brand":"Bounce","imageUrls":["https://shop.coles.com.au/wcsstore/Coles-CAS/images/3/0/1/3014045.jpg"],"storeId":"coles","packageSize":"40g","cupPrice":"$0.50 per 10G","locations":{"VIC":{"price":2,"discountRate":33,"promo":"","orgPrice":3}},"categoryIds":["c-pantry","c-healthy-living"],"similarProductIds":[]},{"id":"bounce-coconut-goji-brekkie-bar","name":"Coconut Goji Brekkie Bar 3 Pack","brand":"Bounce","imageUrls":["https://shop.coles.com.au/wcsstore/Coles-CAS/images/3/6/8/3681877.jpg"],"storeId":"coles","packageSize":"150g","cupPrice":"$3.00 per 100G","locations":{"VIC":{"price":4.5,"discountRate":25,"promo":"","orgPrice":6}},"categoryIds":["c-pantry","c-healthy-living"],"similarProductIds":[]},{"id":"bushells-coffee-powder-instant","name":"Classic Gourmet Instant Coffee","brand":"Bushells","imageUrls":["https://shop.coles.com.au/wcsstore/Coles-CAS/images/8/4/5/8456958.jpg"],"storeId":"coles","packageSize":"200g","cupPrice":"$2.45 per 100G","locations":{"VIC":{"price":4.9,"discountRate":18,"promo":"","orgPrice":6}},"categoryIds":["c-pantry","c-drinks"],"similarProductIds":[]},{"id":"butterfingers-biscuits-shortbread","name":"Shortbread Biscuits","brand":"Butterfingers","imageUrls":["https://shop.coles.com.au/wcsstore/Coles-CAS/images/7/8/7/7878170.jpg"],"storeId":"coles","packageSize":"175g","cupPrice":"$2.06 per 100G","locations":{"VIC":{"price":3.6,"discountRate":27,"promo":"","orgPrice":4.9}},"categoryIds":["c-pantry","c-healthy-living"],"similarProductIds":[]},{"id":"csr-sugar-caster-raw","name":"Raw Caster Sugar","brand":"CSR","imageUrls":["https://shop.coles.com.au/wcsstore/Coles-CAS/images/7/4/9/7497450.jpg"],"storeId":"coles","packageSize":"750g","cupPrice":"$0.33 per 100G","locations":{"VIC":{"price":2.5,"discountRate":24,"promo":"","orgPrice":3.3}},"categoryIds":["c-pantry"],"similarProductIds":[]},{"id":"sugars-of-the-world-sri-lankanrapadura-sugar","name":"Rapadura Sugar","brand":"CSR","imageUrls":["https://shop.coles.com.au/wcsstore/Coles-CAS/images/2/2/8/2288293.jpg"],"storeId":"coles","packageSize":"250g","cupPrice":"$1.36 per 100G","locations":{"VIC":{"price":3.4,"discountRate":15,"promo":"","orgPrice":4}},"categoryIds":["c-pantry"],"similarProductIds":[]},{"id":"cadbury-turkish-delight-king-size-chocolate-bar","name":"Fry's Turkish Delight Chocolate","brand":"Cadbury","imageUrls":["https://shop.coles.com.au/wcsstore/Coles-CAS/images/9/7/9/9794162.jpg"],"storeId":"coles","packageSize":"2 pack","cupPrice":"$3.29 per 100G","locations":{"VIC":{"price":2.5,"discountRate":40,"promo":"Any 2 $3","orgPrice":2.5}},"categoryIds":["c-pantry"],"similarProductIds":[]},{"id":"cadbury-bar-cherry-ripe-dark-ganache","name":"Cherry Ripe Dark Ganache Chocolate Bar","brand":"Cadbury","imageUrls":["https://shop.coles.com.au/wcsstore/Coles-CAS/images/3/3/9/3394241.jpg"],"storeId":"coles","packageSize":"47g","cupPrice":"$1.81 per 100G","locations":{"VIC":{"price":0.85,"discountRate":58,"promo":"","orgPrice":2}},"categoryIds":["c-pantry"],"similarProductIds":[]},{"id":"cadbury-really-nutty-snack-pack","name":"Really Nutty Snack Pack","brand":"Cadbury","imageUrls":["https://shop.coles.com.au/wcsstore/Coles-CAS/images/3/7/3/3739026.jpg"],"storeId":"coles","packageSize":"36g","cupPrice":"$6.94 per 100G","locations":{"VIC":{"price":2.5,"discountRate":20,"promo":"Any 2 $4","orgPrice":2.5}},"categoryIds":["c-pantry"],"similarProductIds":[]},{"id":"cadbury-sharepack-really-nutty","name":"Really Nutty Sharepack","brand":"Cadbury","imageUrls":["https://shop.coles.com.au/wcsstore/Coles-CAS/images/3/7/3/3738522.jpg"],"storeId":"coles","packageSize":"150g","cupPrice":"$4.00 per 100G","locations":{"VIC":{"price":6,"discountRate":50,"promo":"Any 2 $6","orgPrice":6}},"categoryIds":["c-pantry"],"similarProductIds":[]},{"id":"cadbury-smoshed-bar-cranberry-almond","name":"Smooshed Cranberry & Almond Bar","brand":"Cadbury","imageUrls":["https://shop.coles.com.au/wcsstore/Coles-CAS/images/3/7/3/3738985.jpg"],"storeId":"coles","packageSize":"36g","cupPrice":"$6.94 per 100G","locations":{"VIC":{"price":2.5,"discountRate":20,"promo":"Any 2 $4","orgPrice":2.5}},"categoryIds":["c-pantry"],"similarProductIds":[]},{"id":"cadbury-sharepack-dairy-milk","name":"Sharepack Dairy Milk","brand":"Cadbury","imageUrls":["https://shop.coles.com.au/wcsstore/Coles-CAS/images/3/7/6/3768840.jpg"],"storeId":"coles","packageSize":"144 GRAM","cupPrice":"","locations":{"VIC":{"price":3.5,"discountRate":30,"promo":"","orgPrice":5}},"categoryIds":["c-pantry"],"similarProductIds":[]},{"id":"cadbury-favourites-dark","name":"Favourites Dark","brand":"Cadbury","imageUrls":["https://shop.coles.com.au/wcsstore/Coles-CAS/images/3/8/2/3823075.jpg"],"storeId":"coles","packageSize":"353g","cupPrice":"$2.55 per 100G","locations":{"VIC":{"price":9,"discountRate":36,"promo":"","orgPrice":14}},"categoryIds":["c-pantry"],"similarProductIds":[]},{"id":"cadbury-favourites-game-tin","name":"Favourites Game Tin","brand":"Cadbury","imageUrls":["https://shop.coles.com.au/wcsstore/Coles-CAS/images/3/8/2/3829901.jpg"],"storeId":"coles","packageSize":"700g","cupPrice":"$2.14 per 100G","locations":{"VIC":{"price":15,"discountRate":50,"promo":"","orgPrice":30}},"categoryIds":["c-pantry"],"similarProductIds":[]},{"id":"carmans-cranberry-blueberry-oat-slice","name":"Cranberry & Blueberry Oat Slice","brand":"Carman's","imageUrls":["https://shop.coles.com.au/wcsstore/Coles-CAS/images/2/3/9/2392499.jpg"],"storeId":"coles","packageSize":"210g","cupPrice":"$1.43 per 100G","locations":{"VIC":{"price":3,"discountRate":50,"promo":"","orgPrice":6}},"categoryIds":["c-pantry"],"similarProductIds":[]},{"id":"carmans-almond-superseed-vanila-bliss-balls","name":"Almond Super Seed & Vanilla Bliss Balls","brand":"Carman's","imageUrls":["https://shop.coles.com.au/wcsstore/Coles-CAS/images/2/9/1/2913740.jpg"],"storeId":"coles","packageSize":"80g","cupPrice":"$2.44 per 100G","locations":{"VIC":{"price":1.95,"discountRate":57,"promo":"","orgPrice":4.5}},"categoryIds":["c-pantry"],"similarProductIds":[]},{"id":"carmans-orange-cacao-poppy-seed-bliss-balls","name":"Orange Cacao & Poppy Seed Bliss Balls","brand":"Carman's","imageUrls":["https://shop.coles.com.au/wcsstore/Coles-CAS/images/2/9/1/2913730.jpg"],"storeId":"coles","packageSize":"80g","cupPrice":"$2.44 per 100G","locations":{"VIC":{"price":1.95,"discountRate":57,"promo":"","orgPrice":4.5}},"categoryIds":["c-pantry"],"similarProductIds":[]},{"id":"carmans-aussie-oat-bar-brownie-with-choc","name":"Brownie With Choc Aussie Oat Bar","brand":"Carman's","imageUrls":["https://shop.coles.com.au/wcsstore/Coles-CAS/images/3/7/8/3786897.jpg"],"storeId":"coles","packageSize":"180g","cupPrice":"$2.22 per 100G","locations":{"VIC":{"price":4,"discountRate":20,"promo":"","orgPrice":5}},"categoryIds":["c-pantry"],"similarProductIds":[]},{"id":"carmans-aussie-oat-bar-apple-pie-custard","name":"Apple Pie & Custard Aussie Oat Bar","brand":"Carman's","imageUrls":["https://shop.coles.com.au/wcsstore/Coles-CAS/images/3/7/8/3786864.jpg"],"storeId":"coles","packageSize":"180g","cupPrice":"$2.22 per 100G","locations":{"VIC":{"price":4,"discountRate":20,"promo":"","orgPrice":5}},"categoryIds":["c-pantry"],"similarProductIds":[]},{"id":"carmans-nutty-delights-sticky-date-caramel","name":"Nutty Delights Health Snacks Sticky Date & Caramel","brand":"Carman's","imageUrls":["https://shop.coles.com.au/wcsstore/Coles-CAS/images/3/7/9/3795038.jpg"],"storeId":"coles","packageSize":"160g","cupPrice":"$1.88 per 100G","locations":{"VIC":{"price":3,"discountRate":50,"promo":"","orgPrice":6}},"categoryIds":["c-pantry"],"similarProductIds":[]},{"id":"carmans-nutty-delights-dark-choc-cherry-coconu","name":"Nutty Delights Health Snacks Dark Choc Cherry & Coconut","brand":"Carman's","imageUrls":["https://shop.coles.com.au/wcsstore/Coles-CAS/images/3/7/9/3795027.jpg"],"storeId":"coles","packageSize":"160g","cupPrice":"$1.88 per 100G","locations":{"VIC":{"price":3,"discountRate":50,"promo":"","orgPrice":6}},"categoryIds":["c-pantry"],"similarProductIds":[]},{"id":"celebrity-slim-5-day-variety-pack","name":"5 Day Variety Pack","brand":"Celebrity Slim","imageUrls":["https://shop.coles.com.au/wcsstore/Coles-CAS/images/9/9/0/9909264.jpg"],"storeId":"coles","packageSize":"550g","cupPrice":"$3.82 per 100G","locations":{"VIC":{"price":21,"discountRate":30,"promo":"","orgPrice":30}},"categoryIds":["c-pantry","c-healthy-living"],"similarProductIds":[]},{"id":"celebrity-slim-powder-rapid-vanilla","name":"Rapid Vanilla Powder","brand":"Celebrity Slim","imageUrls":["https://shop.coles.com.au/wcsstore/Coles-CAS/images/9/9/0/9908818.jpg"],"storeId":"coles","packageSize":"840g","cupPrice":"$2.95 per 100G","locations":{"VIC":{"price":24.8,"discountRate":30,"promo":"","orgPrice":35.5}},"categoryIds":["c-pantry","c-healthy-living"],"similarProductIds":[]},{"id":"celebrity-slim-shaker-500ml","name":"Shaker","brand":"Celebrity Slim","imageUrls":["https://shop.coles.com.au/wcsstore/Coles-CAS/images/9/9/0/9909322.jpg"],"storeId":"coles","packageSize":"","cupPrice":"$3.50 per 1Ea","locations":{"VIC":{"price":3.5,"discountRate":0,"promo":"","orgPrice":3.5}},"categoryIds":["c-pantry","c-healthy-living"],"similarProductIds":[]},{"id":"celebrity-slim-rapid-powder-chocolate","name":"Rapid Chocolate Powder","brand":"Celebrity Slim","imageUrls":["https://shop.coles.com.au/wcsstore/Coles-CAS/images/9/9/0/9908807.jpg"],"storeId":"coles","packageSize":"840g","cupPrice":"$2.95 per 100G","locations":{"VIC":{"price":24.8,"discountRate":30,"promo":"","orgPrice":35.45}},"categoryIds":["c-pantry","c-healthy-living"],"similarProductIds":[]},{"id":"cobram-estate-meal-starter","name":"Ginger & Lemongrass Meal Starter With Extra Virgin Olive Oil","brand":"Cobram Estate","imageUrls":["https://shop.coles.com.au/wcsstore/Coles-CAS/images/3/5/3/3533406.jpg"],"storeId":"coles","packageSize":"375mL","cupPrice":"$2.00 per 100mL","locations":{"VIC":{"price":7.5,"discountRate":17,"promo":"","orgPrice":9}},"categoryIds":["c-pantry"],"similarProductIds":[]},{"id":"cobram-estate-meal-starter-3533337p","name":"Chilli And Coriander Meal Starter Olive Oil","brand":"Cobram Estate","imageUrls":["https://shop.coles.com.au/wcsstore/Coles-CAS/images/3/5/3/3533337.jpg"],"storeId":"coles","packageSize":"375mL","cupPrice":"$2.00 per 100mL","locations":{"VIC":{"price":7.5,"discountRate":17,"promo":"","orgPrice":9}},"categoryIds":["c-pantry"],"similarProductIds":[]},{"id":"continental-value-pack-p-s-four-cheeses","name":"Four Cheeses Pasta & Sauce Serves 5","brand":"Continental","imageUrls":["https://shop.coles.com.au/wcsstore/Coles-CAS/images/8/4/6/8463760.jpg"],"storeId":"coles","packageSize":"170g","cupPrice":"$1.76 per 100G","locations":{"VIC":{"price":3,"discountRate":25,"promo":"Any 2 $4.50","orgPrice":3}},"categoryIds":["c-pantry"],"similarProductIds":[]},{"id":"continental-recipe-mix-casserole-beef","name":"Rich Beef Casserole Recipe Base Serves 4","brand":"Continental","imageUrls":["https://shop.coles.com.au/wcsstore/Coles-CAS/images/5/5/6/5564659.jpg"],"storeId":"coles","packageSize":"50g","cupPrice":"$3.20 per 100G","locations":{"VIC":{"price":1.6,"discountRate":9,"promo":"Any 2 $2.90","orgPrice":1.6}},"categoryIds":["c-pantry"],"similarProductIds":[]},{"id":"continental-value-pack-pasta-sauce-chicken-curry","name":"Value Pack Pasta & Sauce Chicken Curry","brand":"Continental","imageUrls":["https://shop.coles.com.au/wcsstore/Coles-CAS/images/4/7/2/4727340.jpg"],"storeId":"coles","packageSize":"150g","cupPrice":"$2.00 per 100G","locations":{"VIC":{"price":3,"discountRate":25,"promo":"Any 2 $4.50","orgPrice":3}},"categoryIds":["c-pantry"],"similarProductIds":[]},{"id":"continental-recipe-mix-mild-mince-curry","name":"Mild Mince Curry Recipe Base Serves 4","brand":"Continental","imageUrls":["https://shop.coles.com.au/wcsstore/Coles-CAS/images/9/4/7/9475980.jpg"],"storeId":"coles","packageSize":"40g","cupPrice":"$4.00 per 100G","locations":{"VIC":{"price":1.6,"discountRate":9,"promo":"Any 2 $2.90","orgPrice":1.6}},"categoryIds":["c-pantry"],"similarProductIds":[]},{"id":"continental-recipe-mix-rich-beefy-mince","name":"Rich Beefy Mince Recipe Base","brand":"Continental","imageUrls":["https://shop.coles.com.au/wcsstore/Coles-CAS/images/9/4/7/9475131.jpg"],"storeId":"coles","packageSize":"50g","cupPrice":"$3.20 per 100G","locations":{"VIC":{"price":1.6,"discountRate":9,"promo":"Any 2 $2.90","orgPrice":1.6}},"categoryIds":["c-pantry"],"similarProductIds":[]},{"id":"continental-recipe-mix-spaghetti-bolognaise","name":"Spaghetti Bolognaise Recipe Base Serves 4","brand":"Continental","imageUrls":["https://shop.coles.com.au/wcsstore/Coles-CAS/images/9/4/7/9475186.jpg"],"storeId":"coles","packageSize":"50g","cupPrice":"$3.20 per 100G","locations":{"VIC":{"price":1.6,"discountRate":9,"promo":"Any 2 $2.90","orgPrice":1.6}},"categoryIds":["c-pantry"],"similarProductIds":[]},{"id":"continental-recipe-mix-curried-sausages","name":"Curried Sausages Recipe Base Serves 4","brand":"Continental","imageUrls":["https://shop.coles.com.au/wcsstore/Coles-CAS/images/9/4/7/9475845.jpg"],"storeId":"coles","packageSize":"35g","cupPrice":"$4.57 per 100G","locations":{"VIC":{"price":1.6,"discountRate":9,"promo":"Any 2 $2.90","orgPrice":1.6}},"categoryIds":["c-pantry"],"similarProductIds":[]},{"id":"continental-recipe-mix-devilled-sausages","name":"Devilled Sausages Recipe Base Serves 4","brand":"Continental","imageUrls":["https://shop.coles.com.au/wcsstore/Coles-CAS/images/9/4/7/9475991.jpg"],"storeId":"coles","packageSize":"40g","cupPrice":"$4.00 per 100G","locations":{"VIC":{"price":1.6,"discountRate":9,"promo":"Any 2 $2.90","orgPrice":1.6}},"categoryIds":["c-pantry"],"similarProductIds":[]},{"id":"continental-recipe-mix-creamy-chicken-curry","name":"Creamy Chicken Curry Recipe Base","brand":"Continental","imageUrls":["https://shop.coles.com.au/wcsstore/Coles-CAS/images/9/4/7/9475073.jpg"],"storeId":"coles","packageSize":"30g","cupPrice":"$5.33 per 100G","locations":{"VIC":{"price":1.6,"discountRate":9,"promo":"Any 2 $2.90","orgPrice":1.6}},"categoryIds":["c-pantry"],"similarProductIds":[]},{"id":"continental-creamy-tomato-parmesan-basil-pasta-sauce","name":"Creamy Tomato Parmesan & Basil Pasta Serves 2","brand":"Continental","imageUrls":["https://shop.coles.com.au/wcsstore/Coles-CAS/images/2/2/6/2263102.jpg"],"storeId":"coles","packageSize":"98g","cupPrice":"$2.81 per 100G","locations":{"VIC":{"price":2.75,"discountRate":18,"promo":"Any 2 $4.50","orgPrice":2.75}},"categoryIds":["c-pantry"],"similarProductIds":[]},{"id":"continental-spinach-parmesan-bacon-pasta-sauce","name":"Creamy Spinach Parmesan & Bacon Pasta Serves 2","brand":"Continental","imageUrls":["https://shop.coles.com.au/wcsstore/Coles-CAS/images/2/2/6/2262981.jpg"],"storeId":"coles","packageSize":"91g","cupPrice":"$3.02 per 100G","locations":{"VIC":{"price":2.75,"discountRate":18,"promo":"Any 2 $4.50","orgPrice":2.75}},"categoryIds":["c-pantry"],"similarProductIds":[]},{"id":"continental-aged-cheddar-parmesan-chives-pasta-sauce","name":"Aged Cheddar Parmesan & Chives Pasta & Sauce Serves 3","brand":"Continental","imageUrls":["https://shop.coles.com.au/wcsstore/Coles-CAS/images/2/2/6/2263077.jpg"],"storeId":"coles","packageSize":"90g","cupPrice":"$3.06 per 100G","locations":{"VIC":{"price":2.75,"discountRate":18,"promo":"Any 2 $4.50","orgPrice":2.75}},"categoryIds":["c-pantry"],"similarProductIds":[]},{"id":"continental-roast-chicken-leek-risotto","name":"Roast Chicken & Leek Risotto Serves 2","brand":"Continental","imageUrls":["https://shop.coles.com.au/wcsstore/Coles-CAS/images/2/2/6/2263011.jpg"],"storeId":"coles","packageSize":"115g","cupPrice":"$2.39 per 100G","locations":{"VIC":{"price":2.75,"discountRate":18,"promo":"Any 2 $4.50","orgPrice":2.75}},"categoryIds":["c-pantry"],"similarProductIds":[]},{"id":"continental-creamy-chicken-stroganoff-recipe-base","name":"Creamy Chicken Stroganoff Recipe Base Serves 4","brand":"Continental","imageUrls":["https://shop.coles.com.au/wcsstore/Coles-CAS/images/2/3/8/2385391.jpg"],"storeId":"coles","packageSize":"40g","cupPrice":"$4.00 per 100G","locations":{"VIC":{"price":1.6,"discountRate":9,"promo":"Any 2 $2.90","orgPrice":1.6}},"categoryIds":["c-pantry"],"similarProductIds":[]},{"id":"continental-naturally-tasty-recipe-mix-chicken-curry","name":"Naturally Tasty Recipe Mix Chicken Curry","brand":"Continental","imageUrls":["https://shop.coles.com.au/wcsstore/Coles-CAS/images/2/9/1/2919500.jpg"],"storeId":"coles","packageSize":"47g","cupPrice":"$5.11 per 100G","locations":{"VIC":{"price":2.4,"discountRate":17,"promo":"Any 2 $4","orgPrice":2.4}},"categoryIds":["c-pantry"],"similarProductIds":[]},{"id":"continental-naturally-tasty-spaghetti-bolognese","name":"Naturally Tasty Spaghetti Bolognese","brand":"Continental","imageUrls":["https://shop.coles.com.au/wcsstore/Coles-CAS/images/2/9/3/2930852.jpg"],"storeId":"coles","packageSize":"43g","cupPrice":"$5.58 per 100G","locations":{"VIC":{"price":2.4,"discountRate":17,"promo":"Any 2 $4","orgPrice":2.4}},"categoryIds":["c-pantry"],"similarProductIds":[]},{"id":"continental-sensations-2s-soup-moroccan-veg-medley","name":"Moroccan Vegetable Medley Soup","brand":"Continental Sensation","imageUrls":["https://shop.coles.com.au/wcsstore/Coles-CAS/images/3/7/1/3716144.jpg"],"storeId":"coles","packageSize":"68g","cupPrice":"$2.94 per 100G","locations":{"VIC":{"price":2,"discountRate":20,"promo":"","orgPrice":2.5}},"categoryIds":["c-pantry"],"similarProductIds":[]},{"id":"crankt-banana-protein-shake","name":"Banana Protein Shake","brand":"Crankt","imageUrls":["https://shop.coles.com.au/wcsstore/Coles-CAS/images/2/4/9/2493000.jpg"],"storeId":"coles","packageSize":"375mL","cupPrice":"$10.53 per 1L","locations":{"VIC":{"price":3.95,"discountRate":24,"promo":"Any 2 $6","orgPrice":3.95}},"categoryIds":["c-pantry","c-healthy-living"],"similarProductIds":[]},{"id":"darrell-lea-milk-block-pb-j","name":"Milk Chocolate PB&J Block","brand":"Darrell Lea","imageUrls":["https://shop.coles.com.au/wcsstore/Coles-CAS/images/3/7/5/3759680.jpg"],"storeId":"coles","packageSize":"160g","cupPrice":"$1.56 per 100G","locations":{"VIC":{"price":2.5,"discountRate":50,"promo":"","orgPrice":5}},"categoryIds":["c-pantry"],"similarProductIds":[]},{"id":"darrell-lea-milk-block-caramel-craving","name":"Caramel Craving Milk Block","brand":"Darrell Lea","imageUrls":["https://shop.coles.com.au/wcsstore/Coles-CAS/images/3/7/5/3759657.jpg"],"storeId":"coles","packageSize":"180g","cupPrice":"$1.39 per 100G","locations":{"VIC":{"price":2.5,"discountRate":50,"promo":"","orgPrice":5}},"categoryIds":["c-pantry"],"similarProductIds":[]},{"id":"do-god-labs-blueberry-brekky-bar-35g","name":"Blueberry Brekky Bar","brand":"Do Good Labs","imageUrls":["https://shop.coles.com.au/wcsstore/Coles-CAS/images/3/7/9/3791241.jpg"],"storeId":"coles","packageSize":"32g","cupPrice":"$5.78 per 100G","locations":{"VIC":{"price":1.85,"discountRate":26,"promo":"","orgPrice":2.5}},"categoryIds":["c-pantry"],"similarProductIds":[]},{"id":"do-god-labs-supersed-brekky-bar-35g","name":"Superseed Brekky Bar","brand":"Do Good Labs","imageUrls":["https://shop.coles.com.au/wcsstore/Coles-CAS/images/3/7/9/3791220.jpg"],"storeId":"coles","packageSize":"32g","cupPrice":"$5.78 per 100G","locations":{"VIC":{"price":1.85,"discountRate":26,"promo":"","orgPrice":2.5}},"categoryIds":["c-pantry"],"similarProductIds":[]},{"id":"do-god-labs-fig-brekky-bar-35g","name":"Fig Brekky Bar","brand":"Do Good Labs","imageUrls":["https://shop.coles.com.au/wcsstore/Coles-CAS/images/3/7/9/3791172.jpg"],"storeId":"coles","packageSize":"32g","cupPrice":"$5.78 per 100G","locations":{"VIC":{"price":1.85,"discountRate":26,"promo":"","orgPrice":2.5}},"categoryIds":["c-pantry"],"similarProductIds":[]},{"id":"dole-tropical-gold-pineapple-pieces-in-juice","name":"Pineapple Pieces in Juice Pouch","brand":"Dole","imageUrls":["https://shop.coles.com.au/wcsstore/Coles-CAS/images/3/2/1/3215003.jpg"],"storeId":"coles","packageSize":"400g","cupPrice":"$3.75 per 1Kg","locations":{"VIC":{"price":1.5,"discountRate":50,"promo":"","orgPrice":3}},"categoryIds":["c-pantry"],"similarProductIds":[]},{"id":"dolmio-pasta-sauce-tomato-onion-roast-garlic","name":"Extra Tomato, Onion & Roast Garlic Salt Reduced Pasta Sauce","brand":"Dolmio","imageUrls":["https://shop.coles.com.au/wcsstore/Coles-CAS/images/1/2/7/1279402.jpg"],"storeId":"coles","packageSize":"500g","cupPrice":"$0.50 per 100G","locations":{"VIC":{"price":2.5,"discountRate":24,"promo":"","orgPrice":3.29}},"categoryIds":["c-pantry"],"similarProductIds":[]},{"id":"donna-hay-baking-mix-premium-molten-chocolate-chunk-brownie","name":"Premium Molten Choc Chunk Brownie Baking Mix","brand":"Donna Hay","imageUrls":["https://shop.coles.com.au/wcsstore/Coles-CAS/images/1/4/6/1464233.jpg"],"storeId":"coles","packageSize":"660g","cupPrice":"$0.90 per 100G","locations":{"VIC":{"price":5.95,"discountRate":15,"promo":"","orgPrice":7}},"categoryIds":["c-pantry"],"similarProductIds":[]},{"id":"donna-hay-salted-caramel-chocolate-brownie-mix","name":"Salted Caramel Chocolate Brownie Mix","brand":"Donna Hay","imageUrls":["https://shop.coles.com.au/wcsstore/Coles-CAS/images/3/7/6/3765490.jpg"],"storeId":"coles","packageSize":"500 GRAM","cupPrice":"","locations":{"VIC":{"price":5.95,"discountRate":15,"promo":"","orgPrice":7}},"categoryIds":["c-pantry"],"similarProductIds":[]},{"id":"dose-co-collagen-protein-powder-creamy-vanilla","name":"Collagen Protein Powder Creamy Vanilla","brand":"Dose & Co.","imageUrls":["https://shop.coles.com.au/wcsstore/Coles-CAS/images/3/7/9/3792652.jpg"],"storeId":"coles","packageSize":"420g","cupPrice":"$7.62 per 100G","locations":{"VIC":{"price":32,"discountRate":20,"promo":"","orgPrice":40}},"categoryIds":["c-pantry","c-healthy-living"],"similarProductIds":[]},{"id":"dose-co-collagen-protein-powder-chocolate-fudge","name":"Collagen Protein Powder Chocolate Fudge","brand":"Dose & Co.","imageUrls":["https://shop.coles.com.au/wcsstore/Coles-CAS/images/3/7/9/3792641.jpg"],"storeId":"coles","packageSize":"420g","cupPrice":"$7.62 per 100G","locations":{"VIC":{"price":32,"discountRate":20,"promo":"","orgPrice":40}},"categoryIds":["c-pantry","c-healthy-living"],"similarProductIds":[]},{"id":"double-phoenix-crackers-red-prawn","name":"Red Prawn Crackers","brand":"Double Phoenix","imageUrls":["https://shop.coles.com.au/wcsstore/Coles-CAS/images/5/4/8/5487467.jpg"],"storeId":"coles","packageSize":"200g","cupPrice":"$0.65 per 100G","locations":{"VIC":{"price":1.3,"discountRate":21,"promo":"","orgPrice":1.65}},"categoryIds":["c-pantry","c-international-foods"],"similarProductIds":[]},{"id":"dr-schar-crackers","name":"Crackers","brand":"Dr Schar","imageUrls":["https://shop.coles.com.au/wcsstore/Coles-CAS/images/1/4/6/1465316.jpg"],"storeId":"coles","packageSize":"210g","cupPrice":"$3.10 per 100G","locations":{"VIC":{"price":6.5,"discountRate":20,"promo":"","orgPrice":8.15}},"categoryIds":["c-pantry","c-healthy-living"],"similarProductIds":[]},{"id":"edgell-beetroot-sliced-summer-style","name":"Sliced Beetroot Summer Style","brand":"Edgell","imageUrls":["https://shop.coles.com.au/wcsstore/Coles-CAS/images/5/8/2/5828706.jpg"],"storeId":"coles","packageSize":"425g","cupPrice":"$2.35 per 1Kg","locations":{"VIC":{"price":1,"discountRate":33,"promo":"","orgPrice":1.5}},"categoryIds":["c-pantry"],"similarProductIds":[]},{"id":"edgell-peas-carrots","name":"Peas & Carrots","brand":"Edgell","imageUrls":["https://shop.coles.com.au/wcsstore/Coles-CAS/images/1/0/0/100763.jpg"],"storeId":"coles","packageSize":"420g","cupPrice":"$3.57 per 1Kg","locations":{"VIC":{"price":1.5,"discountRate":25,"promo":"","orgPrice":2}},"categoryIds":["c-pantry"],"similarProductIds":[]},{"id":"edgell-pouch-no-drain-chick-pea","name":"Chick Peas Pouch","brand":"Edgell","imageUrls":["https://shop.coles.com.au/wcsstore/Coles-CAS/images/3/5/3/3535365.jpg"],"storeId":"coles","packageSize":"100g","cupPrice":"$10.00 per 1Kg","locations":{"VIC":{"price":1,"discountRate":33,"promo":"","orgPrice":1.5}},"categoryIds":["c-pantry"],"similarProductIds":[]},{"id":"edgell-snack-cans-chickpea-olive-oil-seaslt","name":"Snack Time Chick Peas With Olive Oil & Seaslt","brand":"Edgell","imageUrls":["https://shop.coles.com.au/wcsstore/Coles-CAS/images/3/5/9/3592824.jpg"],"storeId":"coles","packageSize":"70g","cupPrice":"$12.86 per 1Kg","locations":{"VIC":{"price":0.9,"discountRate":31,"promo":"","orgPrice":1.3}},"categoryIds":["c-pantry"],"similarProductIds":[]},{"id":"edgell-snack-cans-chickpeas-vinaigrette","name":"Snack Time Chick Peas With Zesty Vinaigrette","brand":"Edgell","imageUrls":["https://shop.coles.com.au/wcsstore/Coles-CAS/images/3/5/9/3592835.jpg"],"storeId":"coles","packageSize":"70g","cupPrice":"$12.86 per 1Kg","locations":{"VIC":{"price":0.9,"discountRate":31,"promo":"","orgPrice":1.3}},"categoryIds":["c-pantry"],"similarProductIds":[]},{"id":"equal-sweetener-tablets","name":"Sweetener Tablets","brand":"Equal","imageUrls":["https://shop.coles.com.au/wcsstore/Coles-CAS/images/3/8/3/383828.jpg"],"storeId":"coles","packageSize":"100 pack","cupPrice":"$0.03 per 1Ea","locations":{"VIC":{"price":3,"discountRate":22,"promo":"","orgPrice":3.85}},"categoryIds":["c-pantry"],"similarProductIds":[]},{"id":"equal-plus-with-prebiotic","name":"Plus With Prebiotic","brand":"Equal","imageUrls":["https://shop.coles.com.au/wcsstore/Coles-CAS/images/3/7/7/3771947.jpg"],"storeId":"coles","packageSize":"240g","cupPrice":"$2.63 per 100G","locations":{"VIC":{"price":6.3,"discountRate":20,"promo":"","orgPrice":7.9}},"categoryIds":["c-pantry"],"similarProductIds":[]},{"id":"espressotoria-vittoria-mountain-grown-coffee-capsules","name":"Vittoria Coffee Mountain Grown Coffee Capsules","brand":"Espressotoria","imageUrls":["https://shop.coles.com.au/wcsstore/Coles-CAS/images/2/0/0/2002732.jpg"],"storeId":"coles","packageSize":"12 pack","cupPrice":"$0.49 per 1Ea","locations":{"VIC":{"price":5.85,"discountRate":22,"promo":"","orgPrice":7.5}},"categoryIds":["c-pantry","c-drinks"],"similarProductIds":[]},{"id":"europe-bars-summer-roll","name":"Summer Roll","brand":"Europe","imageUrls":["https://shop.coles.com.au/wcsstore/Coles-CAS/images/6/7/8/67861.jpg"],"storeId":"coles","packageSize":"40g","cupPrice":"$2.13 per 100G","locations":{"VIC":{"price":0.85,"discountRate":58,"promo":"","orgPrice":2}},"categoryIds":["c-pantry"],"similarProductIds":[]},{"id":"fantastic-noodles-cup-oriental","name":"Oriental Noodle Cup","brand":"Fantastic","imageUrls":["https://shop.coles.com.au/wcsstore/Coles-CAS/images/6/0/4/6046730.jpg"],"storeId":"coles","packageSize":"70g","cupPrice":"$1.14 per 100G","locations":{"VIC":{"price":0.8,"discountRate":50,"promo":"","orgPrice":1.6}},"categoryIds":["c-pantry"],"similarProductIds":[]},{"id":"fantastic-noodles-cup-beef","name":"Beef Noodle Cup","brand":"Fantastic","imageUrls":["https://shop.coles.com.au/wcsstore/Coles-CAS/images/5/5/8/5588792.jpg"],"storeId":"coles","packageSize":"70g","cupPrice":"$1.14 per 100G","locations":{"VIC":{"price":0.8,"discountRate":50,"promo":"","orgPrice":1.6}},"categoryIds":["c-pantry"],"similarProductIds":[]},{"id":"fantastic-rice-squares-black-pepper","name":"Rice Squares Black Pepper","brand":"Fantastic","imageUrls":["https://shop.coles.com.au/wcsstore/Coles-CAS/images/3/5/5/3558611.jpg"],"storeId":"coles","packageSize":"100g","cupPrice":"$1.75 per 100G","locations":{"VIC":{"price":1.75,"discountRate":30,"promo":"","orgPrice":2.5}},"categoryIds":["c-pantry","c-healthy-living"],"similarProductIds":[]},{"id":"fantastic-rice-squares-lightly-salted","name":"Rice Squares Lightly Salted","brand":"Fantastic","imageUrls":["https://shop.coles.com.au/wcsstore/Coles-CAS/images/3/5/5/3558305.jpg"],"storeId":"coles","packageSize":"100g","cupPrice":"$1.75 per 100G","locations":{"VIC":{"price":1.75,"discountRate":30,"promo":"","orgPrice":2.5}},"categoryIds":["c-pantry","c-healthy-living"],"similarProductIds":[]},{"id":"farmer-jo-salted-maple-baked-muesli","name":"Salted Maple Baked Muesli","brand":"Farmer Jo","imageUrls":["https://shop.coles.com.au/wcsstore/Coles-CAS/images/3/7/5/3758053.jpg"],"storeId":"coles","packageSize":"400g","cupPrice":"$1.70 per 100G","locations":{"VIC":{"price":6.8,"discountRate":15,"promo":"","orgPrice":8}},"categoryIds":["c-pantry","c-healthy-living"],"similarProductIds":[]},{"id":"farmer-jo-cranberry-fig-baked-muesli","name":"Cranberry & Fig Baked Muesli","brand":"Farmer Jo","imageUrls":["https://shop.coles.com.au/wcsstore/Coles-CAS/images/3/7/5/3758020.jpg"],"storeId":"coles","packageSize":"400g","cupPrice":"$1.70 per 100G","locations":{"VIC":{"price":6.8,"discountRate":15,"promo":"","orgPrice":8}},"categoryIds":["c-pantry","c-healthy-living"],"similarProductIds":[]},{"id":"farmer-jo-gluten-fre-paleo-granola","name":"Gluten Free Paleo Granola","brand":"Farmer Jo","imageUrls":["https://shop.coles.com.au/wcsstore/Coles-CAS/images/3/7/5/3758042.jpg"],"storeId":"coles","packageSize":"300g","cupPrice":"$2.83 per 100G","locations":{"VIC":{"price":8.5,"discountRate":15,"promo":"","orgPrice":10}},"categoryIds":["c-pantry","c-healthy-living"],"similarProductIds":[]},{"id":"farmer-jo-cacao-hemp-granola","name":"Cacao & Hemp Granola","brand":"Farmer Jo","imageUrls":["https://shop.coles.com.au/wcsstore/Coles-CAS/images/3/7/5/3758031.jpg"],"storeId":"coles","packageSize":"350g","cupPrice":"$1.94 per 100G","locations":{"VIC":{"price":6.8,"discountRate":15,"promo":"","orgPrice":8}},"categoryIds":["c-pantry","c-healthy-living"],"similarProductIds":[]},{"id":"ferrero-rocher-chocolate-t5","name":"Rocher Chocolate 5 pack","brand":"Ferrero","imageUrls":["https://shop.coles.com.au/wcsstore/Coles-CAS/images/3/1/9/31922.jpg"],"storeId":"coles","packageSize":"62.5g","cupPrice":"$5.60 per 100G","locations":{"VIC":{"price":3.5,"discountRate":17,"promo":"","orgPrice":4.2}},"categoryIds":["c-pantry"],"similarProductIds":[]},{"id":"ferrero-rocher-heart","name":"Heart","brand":"Ferrero Rocher","imageUrls":["https://shop.coles.com.au/wcsstore/Coles-CAS/images/3/1/3/3136483.jpg"],"storeId":"coles","packageSize":"100g","cupPrice":"$6.00 per 100G","locations":{"VIC":{"price":6,"discountRate":50,"promo":"","orgPrice":12}},"categoryIds":["c-pantry"],"similarProductIds":[]},{"id":"freedom-foods-vitalife-womens-vanilla","name":"Vitalife Womens 40+ Smooth Vanilla Flavour","brand":"Freedom Foods","imageUrls":["https://shop.coles.com.au/wcsstore/Coles-CAS/images/3/1/2/3125126.jpg"],"storeId":"coles","packageSize":"420g","cupPrice":"$5.71 per 100G","locations":{"VIC":{"price":24,"discountRate":20,"promo":"","orgPrice":30}},"categoryIds":["c-pantry","c-healthy-living"],"similarProductIds":[]},{"id":"fulfil-protein-bar-choc-mint","name":"Milk Chocolate And Mint Flavour Vitamin And Protein Bar","brand":"Fulfil","imageUrls":["https://shop.coles.com.au/wcsstore/Coles-CAS/images/3/1/2/3129218.jpg"],"storeId":"coles","packageSize":"55g","cupPrice":"$3.64 per 100G","locations":{"VIC":{"price":2,"discountRate":50,"promo":"","orgPrice":4}},"categoryIds":["c-pantry","c-healthy-living"],"similarProductIds":[]},{"id":"fulfil-protein-bar-peanut-caramel","name":"Vitamin & Protein Bar Peanut & Caramel Flavour","brand":"Fulfil","imageUrls":["https://shop.coles.com.au/wcsstore/Coles-CAS/images/3/1/2/3129240.jpg"],"storeId":"coles","packageSize":"55g","cupPrice":"$3.64 per 100G","locations":{"VIC":{"price":2,"discountRate":50,"promo":"","orgPrice":4}},"categoryIds":["c-pantry","c-healthy-living"],"similarProductIds":[]},{"id":"go-natural-almond-cashew-bar","name":"Almond & Cashew Bar","brand":"Go Natural","imageUrls":["https://shop.coles.com.au/wcsstore/Coles-CAS/images/8/3/7/8379290.jpg"],"storeId":"coles","packageSize":"45g","cupPrice":"$3.22 per 100G","locations":{"VIC":{"price":1.45,"discountRate":26,"promo":"","orgPrice":1.95}},"categoryIds":["c-pantry","c-healthy-living"],"similarProductIds":[]},{"id":"go-natural-bar-macadamia-dream","name":"Macadamia Dream Bar","brand":"Go Natural","imageUrls":["https://shop.coles.com.au/wcsstore/Coles-CAS/images/6/6/3/6636165.jpg"],"storeId":"coles","packageSize":"45g","cupPrice":"$4.11 per 100G","locations":{"VIC":{"price":1.85,"discountRate":26,"promo":"","orgPrice":2.5}},"categoryIds":["c-pantry","c-healthy-living"],"similarProductIds":[]},{"id":"go-natural-chopped-nut-delight-snack-bars","name":"Nut Delight Chopped Bars","brand":"Go Natural","imageUrls":["https://shop.coles.com.au/wcsstore/Coles-CAS/images/6/6/3/6636132.jpg"],"storeId":"coles","packageSize":"175g","cupPrice":"$2.29 per 100G","locations":{"VIC":{"price":4,"discountRate":26,"promo":"","orgPrice":5.4}},"categoryIds":["c-pantry","c-healthy-living"],"similarProductIds":[]},{"id":"go-natural-yoghurt-almond-apricot-bar","name":"Yoghurt Almond & Apricot Bar","brand":"Go Natural","imageUrls":["https://shop.coles.com.au/wcsstore/Coles-CAS/images/5/6/0/5604764.jpg"],"storeId":"coles","packageSize":"40g","cupPrice":"$3.63 per 100G","locations":{"VIC":{"price":1.45,"discountRate":26,"promo":"","orgPrice":1.95}},"categoryIds":["c-pantry","c-healthy-living"],"similarProductIds":[]},{"id":"go-natural-fruit-snacks-nut-delight","name":"Nut Delight Bar","brand":"Go Natural","imageUrls":["https://shop.coles.com.au/wcsstore/Coles-CAS/images/5/2/4/5248444.jpg"],"storeId":"coles","packageSize":"40g","cupPrice":"$3.63 per 100G","locations":{"VIC":{"price":1.45,"discountRate":26,"promo":"","orgPrice":1.95}},"categoryIds":["c-pantry","c-healthy-living"],"similarProductIds":[]},{"id":"go-natural-berry-frugos","name":"Berry Frugos","brand":"Go Natural","imageUrls":["https://shop.coles.com.au/wcsstore/Coles-CAS/images/9/2/9/9291004.jpg"],"storeId":"coles","packageSize":"210g","cupPrice":"$2.14 per 100G","locations":{"VIC":{"price":4.5,"discountRate":25,"promo":"","orgPrice":6}},"categoryIds":["c-pantry","c-healthy-living"],"similarProductIds":[]},{"id":"golden-days-citrus-fruit-salad-bites-5-pack","name":"Citrus Fruit Salad Bites 5 Pack","brand":"Golden Days","imageUrls":["https://shop.coles.com.au/wcsstore/Coles-CAS/images/7/2/4/7241184.jpg"],"storeId":"coles","packageSize":"175g","cupPrice":"$1.83 per 100G","locations":{"VIC":{"price":3.2,"discountRate":20,"promo":"","orgPrice":4}},"categoryIds":["c-pantry","c-healthy-living"],"similarProductIds":[]},{"id":"golden-days-sesame-snaps-yoghurt","name":"Gluten Free Yoghurt Sesame Snaps","brand":"Golden Days","imageUrls":["https://shop.coles.com.au/wcsstore/Coles-CAS/images/9/7/9/9799359.jpg"],"storeId":"coles","packageSize":"40g","cupPrice":"$2.25 per 100G","locations":{"VIC":{"price":0.9,"discountRate":22,"promo":"","orgPrice":1.15}},"categoryIds":["c-pantry","c-healthy-living"],"similarProductIds":[]},{"id":"gren-black-s-velvet-fruit-pearls-raspberry","name":"Fruit Pearls Raspberry","brand":"Green & Black's Velvet","imageUrls":["https://shop.coles.com.au/wcsstore/Coles-CAS/images/3/7/3/3738500.jpg"],"storeId":"coles","packageSize":"120g","cupPrice":"$3.33 per 100G","locations":{"VIC":{"price":4,"discountRate":27,"promo":"","orgPrice":5.5}},"categoryIds":["c-pantry"],"similarProductIds":[]},{"id":"gren-black-s-velvet-fruit-pearls-orange","name":"Fruit Pearls Orange","brand":"Green & Black's Velvet","imageUrls":["https://shop.coles.com.au/wcsstore/Coles-CAS/images/3/7/3/3738497.jpg"],"storeId":"coles","packageSize":"120g","cupPrice":"$3.33 per 100G","locations":{"VIC":{"price":4,"discountRate":27,"promo":"","orgPrice":5.5}},"categoryIds":["c-pantry"],"similarProductIds":[]},{"id":"greens-traditional--cake-mix-date-loaf","name":"Traditional Date Loaf Baking Mix","brand":"Green's","imageUrls":["https://shop.coles.com.au/wcsstore/Coles-CAS/images/9/0/3/90309.jpg"],"storeId":"coles","packageSize":"415g","cupPrice":"$0.53 per 100G","locations":{"VIC":{"price":2.2,"discountRate":20,"promo":"","orgPrice":2.75}},"categoryIds":["c-pantry"],"similarProductIds":[]},{"id":"greens-traditional-cake-mix-carrot-with-icing","name":"Traditional Carrot with Icing Cake Mix","brand":"Green's","imageUrls":["https://shop.coles.com.au/wcsstore/Coles-CAS/images/4/9/3/4937783.jpg"],"storeId":"coles","packageSize":"470g","cupPrice":"$0.47 per 100G","locations":{"VIC":{"price":2.2,"discountRate":20,"promo":"","orgPrice":2.75}},"categoryIds":["c-pantry"],"similarProductIds":[]},{"id":"greens-sticky-date-sponge-pudding","name":"Sticky Date Self Saucing Pudding","brand":"Green's","imageUrls":["https://shop.coles.com.au/wcsstore/Coles-CAS/images/4/8/1/4816610.jpg"],"storeId":"coles","packageSize":"260g","cupPrice":"$0.85 per 100G","locations":{"VIC":{"price":2.2,"discountRate":21,"promo":"","orgPrice":2.8000000000000003}},"categoryIds":["c-pantry"],"similarProductIds":[]},{"id":"greens-pudding-chocolate","name":"Chocolate Self Saucing Pudding","brand":"Green's","imageUrls":["https://shop.coles.com.au/wcsstore/Coles-CAS/images/7/3/0/7302802.jpg"],"storeId":"coles","packageSize":"260g","cupPrice":"$0.85 per 100G","locations":{"VIC":{"price":2.2,"discountRate":21,"promo":"","orgPrice":2.8000000000000003}},"categoryIds":["c-pantry"],"similarProductIds":[]},{"id":"greens-lemon-self-saucing-pudding","name":"Self Saucing Lemon Pudding","brand":"Green's","imageUrls":["https://shop.coles.com.au/wcsstore/Coles-CAS/images/1/9/2/1923501.jpg"],"storeId":"coles","packageSize":"260g","cupPrice":"$0.85 per 100G","locations":{"VIC":{"price":2.2,"discountRate":21,"promo":"","orgPrice":2.8000000000000003}},"categoryIds":["c-pantry"],"similarProductIds":[]},{"id":"greens-cake-break-brownie-double-choc-fudge","name":"Double Choc Fudge Brownie Break Cake","brand":"Green's","imageUrls":["https://shop.coles.com.au/wcsstore/Coles-CAS/images/3/1/8/3184715.jpg"],"storeId":"coles","packageSize":"75g","cupPrice":"$2.67 per 100G","locations":{"VIC":{"price":2,"discountRate":20,"promo":"","orgPrice":2.5}},"categoryIds":["c-pantry"],"similarProductIds":[]},{"id":"greens-baking-mix-chocolate-brownie","name":"Traditional Chocolate Brownie Mix","brand":"Greens","imageUrls":["https://shop.coles.com.au/wcsstore/Coles-CAS/images/1/2/8/1280230.jpg"],"storeId":"coles","packageSize":"380g","cupPrice":"$0.58 per 100G","locations":{"VIC":{"price":2.2,"discountRate":20,"promo":"","orgPrice":2.75}},"categoryIds":["c-pantry"],"similarProductIds":[]},{"id":"grinders-organic-coffee-beans","name":"Organic Mellow & Smooth Coffee Beans","brand":"Grinders","imageUrls":["https://shop.coles.com.au/wcsstore/Coles-CAS/images/3/5/1/3516054.jpg"],"storeId":"coles","packageSize":"1kg","cupPrice":"$25.00 per 1Kg","locations":{"VIC":{"price":25,"discountRate":22,"promo":"","orgPrice":32}},"categoryIds":["c-pantry","c-drinks"],"similarProductIds":[]},{"id":"gullon-sugar-free-shortbread","name":"Sugar Free Shortbread","brand":"Gullon","imageUrls":["https://shop.coles.com.au/wcsstore/Coles-CAS/images/1/4/7/1479252.jpg"],"storeId":"coles","packageSize":"330g","cupPrice":"$0.91 per 100G","locations":{"VIC":{"price":3,"discountRate":32,"promo":"","orgPrice":4.4}},"categoryIds":["c-pantry","c-healthy-living"],"similarProductIds":[]},{"id":"gullon-sugar-free-digestive-biscuits","name":"Sugar Free Digestive Biscuits","brand":"Gullon","imageUrls":["https://shop.coles.com.au/wcsstore/Coles-CAS/images/1/9/9/1992628.jpg"],"storeId":"coles","packageSize":"400g","cupPrice":"$0.75 per 100G","locations":{"VIC":{"price":3,"discountRate":32,"promo":"","orgPrice":4.4}},"categoryIds":["c-pantry","c-healthy-living"],"similarProductIds":[]},{"id":"hamper-corned-beef","name":"Original Corned Beef","brand":"Hamper","imageUrls":["https://shop.coles.com.au/wcsstore/Coles-CAS/images/7/2/3/7230042.jpg"],"storeId":"coles","packageSize":"200g","cupPrice":"$17.50 per 1Kg","locations":{"VIC":{"price":3.5,"discountRate":26,"promo":"","orgPrice":4.7}},"categoryIds":["c-pantry"],"similarProductIds":[]},{"id":"hart-soul-peanut-satay-noodle-bowl-135g","name":"Gluten Free Peanut Satay Saucy Noodles","brand":"Hart & Soul","imageUrls":["https://shop.coles.com.au/wcsstore/Coles-CAS/images/3/2/7/3270894.jpg"],"storeId":"coles","packageSize":"135g","cupPrice":"$2.22 per 100G","locations":{"VIC":{"price":3,"discountRate":33,"promo":"","orgPrice":4.5}},"categoryIds":["c-pantry"],"similarProductIds":[]},{"id":"harvest-snaps-black-bean-jalapeno-cheddar","name":"Black Bean Jalapeno Cheddar","brand":"Harvest Snaps","imageUrls":["https://shop.coles.com.au/wcsstore/Coles-CAS/images/3/6/9/3698767.jpg"],"storeId":"coles","packageSize":"85g","cupPrice":"$2.94 per 100G","locations":{"VIC":{"price":2.5,"discountRate":17,"promo":"","orgPrice":3}},"categoryIds":["c-pantry"],"similarProductIds":[]},{"id":"hengshun-chinkiang-vinegar","name":"Chinkiang Vinegar","brand":"Hengshun","imageUrls":["https://shop.coles.com.au/wcsstore/Coles-CAS/images/3/7/4/3746393.jpg"],"storeId":"coles","packageSize":"180mL","cupPrice":"$2.03 per 100mL","locations":{"VIC":{"price":3.65,"discountRate":17,"promo":"","orgPrice":4.4}},"categoryIds":["c-pantry","c-international-foods"],"similarProductIds":[]},{"id":"hermesetas-sweetener-stevia-granular-jar","name":"Stevia Sweet Granules","brand":"Hermesetas","imageUrls":["https://shop.coles.com.au/wcsstore/Coles-CAS/images/9/9/3/9933189.jpg"],"storeId":"coles","packageSize":"75g","cupPrice":"$8.67 per 100G","locations":{"VIC":{"price":6.5,"discountRate":20,"promo":"","orgPrice":8.15}},"categoryIds":["c-pantry"],"similarProductIds":[]},{"id":"hersheys-chocolate-syrup","name":"Chocolate Flavor Syrup","brand":"Hershey's","imageUrls":["https://shop.coles.com.au/wcsstore/Coles-CAS/images/2/1/3/2137210.jpg"],"storeId":"coles","packageSize":"680g","cupPrice":"$0.59 per 100G","locations":{"VIC":{"price":4,"discountRate":20,"promo":"","orgPrice":5}},"categoryIds":["c-pantry","c-international-foods"],"similarProductIds":[]},{"id":"hersheys-strawberry-syrup","name":"Strawberry Flavour Syrup","brand":"Hershey's","imageUrls":["https://shop.coles.com.au/wcsstore/Coles-CAS/images/3/2/8/3287649.jpg"],"storeId":"coles","packageSize":"623g","cupPrice":"$0.64 per 100G","locations":{"VIC":{"price":4,"discountRate":20,"promo":"","orgPrice":5}},"categoryIds":["c-pantry"],"similarProductIds":[]},{"id":"hersheys-caramel-syrup","name":"Caramel Flavour Syrup","brand":"Hershey's","imageUrls":["https://shop.coles.com.au/wcsstore/Coles-CAS/images/3/2/8/3287616.jpg"],"storeId":"coles","packageSize":"623g","cupPrice":"$0.64 per 100G","locations":{"VIC":{"price":4,"discountRate":20,"promo":"","orgPrice":5}},"categoryIds":["c-pantry"],"similarProductIds":[]},{"id":"hoyts-poppy-seeds","name":"Poppy Seeds","brand":"Hoyts","imageUrls":["https://shop.coles.com.au/wcsstore/Coles-CAS/images/5/2/7/5270079.jpg"],"storeId":"coles","packageSize":"240g","cupPrice":"$0.17 per 10G","locations":{"VIC":{"price":4,"discountRate":10,"promo":"","orgPrice":4.45}},"categoryIds":["c-pantry"],"similarProductIds":[]},{"id":"hoyts-cumin-ground-2480530p","name":"Cumin Ground","brand":"Hoyts","imageUrls":["https://shop.coles.com.au/wcsstore/ColesResponsiveStorefrontAssetStore/dist/ccfc54aed6e361b650bcf0582f7b576b/img/img_product-placeholder.png"],"storeId":"coles","packageSize":"130g","cupPrice":"$0.35 per 10G","locations":{"VIC":{"price":4.5,"discountRate":10,"promo":"","orgPrice":5}},"categoryIds":["c-pantry"],"similarProductIds":[]},{"id":"illy-caffe-coffee-beans","name":"Classico Beans","brand":"Illy","imageUrls":["https://shop.coles.com.au/wcsstore/Coles-CAS/images/8/0/9/8096998.jpg"],"storeId":"coles","packageSize":"250g","cupPrice":"$4.80 per 100G","locations":{"VIC":{"price":12,"discountRate":20,"promo":"","orgPrice":15}},"categoryIds":["c-pantry","c-drinks"],"similarProductIds":[]},{"id":"infuzions-pappadams-mint-yogurt-chutney","name":"Mix It Up","brand":"Infuzions","imageUrls":["https://shop.coles.com.au/wcsstore/Coles-CAS/images/3/4/3/3433784.jpg"],"storeId":"coles","packageSize":"110g","cupPrice":"$1.82 per 100G","locations":{"VIC":{"price":2,"discountRate":43,"promo":"","orgPrice":3.5}},"categoryIds":["c-pantry"],"similarProductIds":[]},{"id":"ito-en-matcha-green-tea-jasmine","name":"Matcha Jasmine Green Tea Bags 20 Pack","brand":"Ito En","imageUrls":["https://shop.coles.com.au/wcsstore/Coles-CAS/images/3/2/4/3247280.jpg"],"storeId":"coles","packageSize":"30g","cupPrice":"$18.00 per 100G","locations":{"VIC":{"price":5.4,"discountRate":10,"promo":"","orgPrice":6}},"categoryIds":["c-pantry","c-drinks"],"similarProductIds":[]},{"id":"ito-en-matcha-gren-tea-swet-matcha","name":"Matcha Green Tea Sweet Matcha","brand":"Ito En","imageUrls":["https://shop.coles.com.au/wcsstore/Coles-CAS/images/3/7/0/3702730.jpg"],"storeId":"coles","packageSize":"10 pack","cupPrice":"$0.79 per 1Ea","locations":{"VIC":{"price":7.9,"discountRate":10,"promo":"","orgPrice":8.8}},"categoryIds":["c-pantry","c-drinks"],"similarProductIds":[]},{"id":"jarrah-instant-coffee-swiss-style","name":"Swiss Mochaccino Coffee","brand":"Jarrah","imageUrls":["https://shop.coles.com.au/wcsstore/Coles-CAS/images/5/4/3/5436910.jpg"],"storeId":"coles","packageSize":"250g","cupPrice":"$2.00 per 100G","locations":{"VIC":{"price":5,"discountRate":17,"promo":"","orgPrice":6}},"categoryIds":["c-pantry","c-drinks"],"similarProductIds":[]},{"id":"jarrah-instant-coffee-brazil-style","name":"Brazilian Latte Coffee","brand":"Jarrah","imageUrls":["https://shop.coles.com.au/wcsstore/Coles-CAS/images/5/4/3/5436896.jpg"],"storeId":"coles","packageSize":"250g","cupPrice":"$2.00 per 100G","locations":{"VIC":{"price":5,"discountRate":17,"promo":"","orgPrice":6}},"categoryIds":["c-pantry","c-drinks"],"similarProductIds":[]},{"id":"jarrah-instant-coffee-french-style","name":"French Vanilla Latte","brand":"Jarrah","imageUrls":["https://shop.coles.com.au/wcsstore/Coles-CAS/images/5/4/3/5436900.jpg"],"storeId":"coles","packageSize":"250g","cupPrice":"$2.00 per 100G","locations":{"VIC":{"price":5,"discountRate":17,"promo":"","orgPrice":6}},"categoryIds":["c-pantry","c-drinks"],"similarProductIds":[]},{"id":"jarrah-coffee-salted-caramel","name":"Salted Caramel Latte","brand":"Jarrah","imageUrls":["https://shop.coles.com.au/wcsstore/Coles-CAS/images/2/2/4/2244491.jpg"],"storeId":"coles","packageSize":"250g","cupPrice":"$2.00 per 100G","locations":{"VIC":{"price":5,"discountRate":17,"promo":"","orgPrice":6}},"categoryIds":["c-pantry","c-drinks"],"similarProductIds":[]},{"id":"jarrah-special-chai-latte","name":"Extra Special Coffee Chai Latte","brand":"Jarrah","imageUrls":["https://shop.coles.com.au/wcsstore/Coles-CAS/images/3/7/5/3756637.jpg"],"storeId":"coles","packageSize":"210g","cupPrice":"$2.38 per 100G","locations":{"VIC":{"price":5,"discountRate":17,"promo":"","orgPrice":6}},"categoryIds":["c-pantry","c-drinks"],"similarProductIds":[]},{"id":"seakist--tuna-lunch-kit-sweetcorn-mayonnaise-with-crackers","name":"Tuna & Sweetcorn In Mayonnaise with Crackers Lunch Kit","brand":"John West","imageUrls":["https://shop.coles.com.au/wcsstore/Coles-CAS/images/6/8/4/6846066.jpg"],"storeId":"coles","packageSize":"108g","cupPrice":"$28.24 per 1Kg","locations":{"VIC":{"price":3.05,"discountRate":12,"promo":"","orgPrice":3.4499999999999997}},"categoryIds":["c-pantry"],"similarProductIds":[]},{"id":"seakist--tuna-lunch-kit-thousand-island-dressing-with-crackers","name":"Lunch Kit With Crackers Tuna With Thousand Island Dressing","brand":"John West","imageUrls":["https://shop.coles.com.au/wcsstore/Coles-CAS/images/7/0/5/7056921.jpg"],"storeId":"coles","packageSize":"108g","cupPrice":"$28.24 per 1Kg","locations":{"VIC":{"price":3.05,"discountRate":12,"promo":"","orgPrice":3.4499999999999997}},"categoryIds":["c-pantry"],"similarProductIds":[]},{"id":"kantong-sauce-stir-fry-peanut-satay","name":"Peanut Satay Chicken Stir Fry Cooking Sauce","brand":"Kan Tong","imageUrls":["https://shop.coles.com.au/wcsstore/Coles-CAS/images/1/2/7/1279774.jpg"],"storeId":"coles","packageSize":"505g","cupPrice":"$0.65 per 100G","locations":{"VIC":{"price":3.3,"discountRate":9,"promo":"Any 2 $6","orgPrice":3.3}},"categoryIds":["c-pantry"],"similarProductIds":[]},{"id":"kantong-satay-chicken-meal-base","name":"Chicken Paste","brand":"Kan Tong Satay","imageUrls":["https://shop.coles.com.au/wcsstore/Coles-CAS/images/2/3/5/2352461.jpg"],"storeId":"coles","packageSize":"180g","cupPrice":"$1.61 per 100G","locations":{"VIC":{"price":2.9,"discountRate":14,"promo":"Any 2 $5","orgPrice":2.9}},"categoryIds":["c-pantry","c-international-foods"],"similarProductIds":[]},{"id":"kantong--sticky-chicken-teriyaki-sauce","name":"Teriyaki Sauce","brand":"Kan Tong Sticky Chicken","imageUrls":["https://shop.coles.com.au/wcsstore/Coles-CAS/images/2/3/5/2352519.jpg"],"storeId":"coles","packageSize":"175g","cupPrice":"$1.66 per 100G","locations":{"VIC":{"price":2.9,"discountRate":14,"promo":"Any 2 $5","orgPrice":2.9}},"categoryIds":["c-pantry","c-international-foods"],"similarProductIds":[]},{"id":"kantong--thai-red-curry-paste","name":"Red Curry Paste","brand":"Kan Tong Thai","imageUrls":["https://shop.coles.com.au/wcsstore/Coles-CAS/images/2/3/5/2352439.jpg"],"storeId":"coles","packageSize":"250g","cupPrice":"$1.20 per 100G","locations":{"VIC":{"price":3,"discountRate":25,"promo":"","orgPrice":4}},"categoryIds":["c-pantry","c-international-foods"],"similarProductIds":[]},{"id":"kantong-thai-green-cury-meal-base","name":"Green Curry Paste","brand":"Kan Tong Thai","imageUrls":["https://shop.coles.com.au/wcsstore/Coles-CAS/images/2/3/5/2352472.jpg"],"storeId":"coles","packageSize":"125g","cupPrice":"$2.32 per 100G","locations":{"VIC":{"price":2.9,"discountRate":14,"promo":"Any 2 $5","orgPrice":2.9}},"categoryIds":["c-pantry","c-international-foods"],"similarProductIds":[]},{"id":"kantong-sauce-stir-fry-chinese-barbeque","name":"Chinese Barbeque Cooking Sauce","brand":"KanTong","imageUrls":["https://shop.coles.com.au/wcsstore/Coles-CAS/images/1/2/7/1279854.jpg"],"storeId":"coles","packageSize":"520g","cupPrice":"$0.63 per 100G","locations":{"VIC":{"price":3.3,"discountRate":9,"promo":"Any 2 $6","orgPrice":3.3}},"categoryIds":["c-pantry"],"similarProductIds":[]},{"id":"kantong-sauce-stir-fry-sweet-sour-soy-garlic","name":"Sweet Soy & Garlic Cooking Sauce","brand":"KanTong","imageUrls":["https://shop.coles.com.au/wcsstore/Coles-CAS/images/1/2/7/1279821.jpg"],"storeId":"coles","packageSize":"515g","cupPrice":"$0.64 per 100G","locations":{"VIC":{"price":3.3,"discountRate":9,"promo":"Any 2 $6","orgPrice":3.3}},"categoryIds":["c-pantry"],"similarProductIds":[]},{"id":"kantong-honey-teriyaki-stir-fry-sauce","name":"Honey Teriyaki Chicken Cooking Sauce","brand":"KanTong","imageUrls":["https://shop.coles.com.au/wcsstore/Coles-CAS/images/1/7/2/1723138.jpg"],"storeId":"coles","packageSize":"510g","cupPrice":"$0.65 per 100G","locations":{"VIC":{"price":3.3,"discountRate":9,"promo":"Any 2 $6","orgPrice":3.3}},"categoryIds":["c-pantry"],"similarProductIds":[]},{"id":"kantong-meal-base-pouch-chicken-cashew","name":"Pouch Chicken & Cashew Nut Stir Fry","brand":"Kantong Meal Base","imageUrls":["https://shop.coles.com.au/wcsstore/Coles-CAS/images/3/1/8/3189537.jpg"],"storeId":"coles","packageSize":"175g","cupPrice":"$1.66 per 100G","locations":{"VIC":{"price":2.9,"discountRate":14,"promo":"Any 2 $5","orgPrice":2.9}},"categoryIds":["c-pantry"],"similarProductIds":[]},{"id":"kantong-meal-base-pouch-honey-soy-garlic","name":"Honey Soy & Garlic Stir Fry","brand":"Kantong Meal Base","imageUrls":["https://shop.coles.com.au/wcsstore/Coles-CAS/images/3/1/8/3189504.jpg"],"storeId":"coles","packageSize":"175g","cupPrice":"$1.66 per 100G","locations":{"VIC":{"price":2.9,"discountRate":14,"promo":"Any 2 $5","orgPrice":2.9}},"categoryIds":["c-pantry"],"similarProductIds":[]},{"id":"kantong-meal-base-pouch-teriyaki-chicken","name":"Pouch Teriyaki Stir Fry","brand":"Kantong Meal Base","imageUrls":["https://shop.coles.com.au/wcsstore/Coles-CAS/images/3/1/8/3189548.jpg"],"storeId":"coles","packageSize":"175g","cupPrice":"$1.66 per 100G","locations":{"VIC":{"price":2.9,"discountRate":14,"promo":"Any 2 $5","orgPrice":2.9}},"categoryIds":["c-pantry"],"similarProductIds":[]},{"id":"keep-it-cleaner-bliss-balls-acai-berry","name":"Bliss Balls Acai Berry","brand":"Keep It Cleaner","imageUrls":["https://shop.coles.com.au/wcsstore/Coles-CAS/images/3/1/3/3134568.jpg"],"storeId":"coles","packageSize":"40g","cupPrice":"$6.25 per 100G","locations":{"VIC":{"price":2.5,"discountRate":20,"promo":"Any 2 $4","orgPrice":2.5}},"categoryIds":["c-pantry","c-healthy-living"],"similarProductIds":[]},{"id":"keep-it-cleaner-bliss-balls-peanut-butter","name":"Bliss Balls Peanut Butter","brand":"Keep It Cleaner","imageUrls":["https://shop.coles.com.au/wcsstore/Coles-CAS/images/3/1/3/3134590.jpg"],"storeId":"coles","packageSize":"40g","cupPrice":"$6.25 per 100G","locations":{"VIC":{"price":2.5,"discountRate":20,"promo":"Any 2 $4","orgPrice":2.5}},"categoryIds":["c-pantry","c-healthy-living"],"similarProductIds":[]},{"id":"kelloggs-cereal-crunchy-nut-clusters","name":"Crunchy Nut Clusters Breakfast Cereal","brand":"Kellogg's","imageUrls":["https://shop.coles.com.au/wcsstore/Coles-CAS/images/8/4/9/8492000.jpg"],"storeId":"coles","packageSize":"450g","cupPrice":"$1.07 per 100G","locations":{"VIC":{"price":4.8,"discountRate":25,"promo":"","orgPrice":6.4}},"categoryIds":["c-pantry"],"similarProductIds":[]},{"id":"kelloggs-cereal-special-k-fruit-nut","name":"Special K Fruit & Nut Breakfast Cereal with Grain and Nut Based Protein","brand":"Kellogg's","imageUrls":["https://shop.coles.com.au/wcsstore/Coles-CAS/images/8/6/0/8609968.jpg"],"storeId":"coles","packageSize":"430g","cupPrice":"$1.05 per 100G","locations":{"VIC":{"price":4.5,"discountRate":25,"promo":"","orgPrice":6}},"categoryIds":["c-pantry"],"similarProductIds":[]},{"id":"kelloggs-lcms-rice-bubbles-kaleidos","name":"LCMs Kaleidos Puffed Rice Snack Bars 6 pack","brand":"Kellogg's","imageUrls":["https://shop.coles.com.au/wcsstore/Coles-CAS/images/6/9/2/6920930.jpg"],"storeId":"coles","packageSize":"132g","cupPrice":"$1.52 per 100G","locations":{"VIC":{"price":2,"discountRate":50,"promo":"","orgPrice":4}},"categoryIds":["c-pantry"],"similarProductIds":[]},{"id":"kelloggs-lcms--rice-bubbles-choc-chip","name":"LCMs Choc Chip Puffed Rice Snack Bars 6 pack","brand":"Kellogg's","imageUrls":["https://shop.coles.com.au/wcsstore/Coles-CAS/images/6/9/2/6920908.jpg"],"storeId":"coles","packageSize":"132g","cupPrice":"$1.52 per 100G","locations":{"VIC":{"price":2,"discountRate":50,"promo":"","orgPrice":4}},"categoryIds":["c-pantry"],"similarProductIds":[]},{"id":"kelloggs-lcms-split-stix-chocolatey-rice-bubbles","name":"LCMs Chocolatey Split Stix Puffed Rice Breakfast Cereal Bars 6 pack","brand":"Kellogg's","imageUrls":["https://shop.coles.com.au/wcsstore/Coles-CAS/images/6/6/4/6642816.jpg"],"storeId":"coles","packageSize":"138g","cupPrice":"$1.45 per 100G","locations":{"VIC":{"price":2,"discountRate":50,"promo":"","orgPrice":4}},"categoryIds":["c-pantry"],"similarProductIds":[]},{"id":"kelloggs-bars-crunchy-nut-nutty-peanut-6-pack","name":"Peanut Crunchy Nut Bars 6 pack","brand":"Kellogg's","imageUrls":["https://shop.coles.com.au/wcsstore/Coles-CAS/images/5/6/8/5682917.jpg"],"storeId":"coles","packageSize":"180g","cupPrice":"$1.39 per 100G","locations":{"VIC":{"price":2.5,"discountRate":50,"promo":"","orgPrice":5}},"categoryIds":["c-pantry"],"similarProductIds":[]},{"id":"kelloggs-nutri-grain-original-bars-6-pack","name":"Nutri-Grain Original Cereal Snack Bars 6 pack","brand":"Kellogg's","imageUrls":["https://shop.coles.com.au/wcsstore/Coles-CAS/images/2/1/3/2133898.jpg"],"storeId":"coles","packageSize":"144g","cupPrice":"$1.39 per 100G","locations":{"VIC":{"price":2,"discountRate":50,"promo":"","orgPrice":4}},"categoryIds":["c-pantry"],"similarProductIds":[]},{"id":"kelloggs--special-k-nourish-cas-mac-coconut","name":"Special K Nourish Cashew, Macadamia and Coconut Breakfast Cereal","brand":"Kellogg's","imageUrls":["https://shop.coles.com.au/wcsstore/Coles-CAS/images/2/8/7/2876815.jpg"],"storeId":"coles","packageSize":"390g","cupPrice":"$1.17 per 100G","locations":{"VIC":{"price":4.57,"discountRate":25,"promo":"","orgPrice":6.1000000000000005}},"categoryIds":["c-pantry"],"similarProductIds":[]},{"id":"kelloggs-lcms-coco-pops-6pk","name":"LCMs Coco Pops Chocolatey Puffed Rice Snack Bars 6 pack","brand":"Kellogg's","imageUrls":["https://shop.coles.com.au/wcsstore/Coles-CAS/images/3/0/2/3022043.jpg"],"storeId":"coles","packageSize":"132g","cupPrice":"$1.52 per 100G","locations":{"VIC":{"price":2,"discountRate":50,"promo":"","orgPrice":4}},"categoryIds":["c-pantry"],"similarProductIds":[]},{"id":"kelloggs-lcms-unicorn","name":"LCMs Unicorn Puffed Rice Snack Bars 6 pack","brand":"Kellogg's","imageUrls":["https://shop.coles.com.au/wcsstore/Coles-CAS/images/3/3/9/3390499.jpg"],"storeId":"coles","packageSize":"132g","cupPrice":"$1.52 per 100G","locations":{"VIC":{"price":2,"discountRate":50,"promo":"","orgPrice":4}},"categoryIds":["c-pantry"],"similarProductIds":[]},{"id":"kelloggs-cereal-variety-pack-nutri-grain","name":"Nutri-Grain To Go Breakfast Cereal 6 Pack","brand":"Kellogg's","imageUrls":["https://shop.coles.com.au/wcsstore/Coles-CAS/images/3/5/1/3515776.jpg"],"storeId":"coles","packageSize":"240g","cupPrice":"$1.35 per 100G","locations":{"VIC":{"price":3.25,"discountRate":50,"promo":"","orgPrice":6.5}},"categoryIds":["c-pantry"],"similarProductIds":[]},{"id":"kelloggs-lcms-dino","name":"LCMs Dino Puffed Rice Breakfast Cereal Bars 6 pack","brand":"Kellogg's","imageUrls":["https://shop.coles.com.au/wcsstore/Coles-CAS/images/3/5/8/3583164.jpg"],"storeId":"coles","packageSize":"132g","cupPrice":"$1.52 per 100G","locations":{"VIC":{"price":2,"discountRate":50,"promo":"","orgPrice":4}},"categoryIds":["c-pantry"],"similarProductIds":[]},{"id":"kelloggs-k-time-breaks-raspberry-chocolate","name":"K-Time Choc & Raspberry Flavour Soft Baked Breaks 5 pack","brand":"Kellogg's","imageUrls":["https://shop.coles.com.au/wcsstore/Coles-CAS/images/3/6/1/3618418.jpg"],"storeId":"coles","packageSize":"185g","cupPrice":"$1.08 per 100G","locations":{"VIC":{"price":2,"discountRate":50,"promo":"","orgPrice":4}},"categoryIds":["c-pantry"],"similarProductIds":[]},{"id":"kellogg-s-k-time-soft-baked-bites-apple-165g","name":"K-Time Soft Baked Bites Apple","brand":"Kellogg's","imageUrls":["https://shop.coles.com.au/wcsstore/Coles-CAS/images/3/7/9/3790850.jpg"],"storeId":"coles","packageSize":"165g","cupPrice":"$1.21 per 100G","locations":{"VIC":{"price":2,"discountRate":50,"promo":"","orgPrice":4}},"categoryIds":["c-pantry"],"similarProductIds":[]},{"id":"kellogg-s-k-time-soft-baked-bites-strawberry","name":"K-Time Soft Baked Bites Strawberry","brand":"Kellogg's","imageUrls":["https://shop.coles.com.au/wcsstore/Coles-CAS/images/3/7/8/3788644.jpg"],"storeId":"coles","packageSize":"165g","cupPrice":"$1.21 per 100G","locations":{"VIC":{"price":2,"discountRate":50,"promo":"","orgPrice":4}},"categoryIds":["c-pantry"],"similarProductIds":[]},{"id":"kellogs-pop-tarts-chocotastic-384g","name":"Pop Tarts Chocotastic","brand":"Kellogg's","imageUrls":["https://shop.coles.com.au/wcsstore/Coles-CAS/images/3/7/9/3790500.jpg"],"storeId":"coles","packageSize":"384g","cupPrice":"$0.65 per 100G","locations":{"VIC":{"price":2.5,"discountRate":50,"promo":"","orgPrice":5}},"categoryIds":["c-pantry"],"similarProductIds":[]},{"id":"kettle-sensations-popcorn-peanut-caramel","name":"Sensations Peanut & Caramel Popcorn","brand":"Kettle","imageUrls":["https://shop.coles.com.au/wcsstore/Coles-CAS/images/3/5/7/3574072.jpg"],"storeId":"coles","packageSize":"100g","cupPrice":"$3.50 per 100G","locations":{"VIC":{"price":3.5,"discountRate":22,"promo":"","orgPrice":4.5}},"categoryIds":["c-pantry"],"similarProductIds":[]},{"id":"kettle-sensations-popcorn-raspberry-pistachio","name":"Sensations Raspberry Pistachio & Caramel Popcorn","brand":"Kettle","imageUrls":["https://shop.coles.com.au/wcsstore/Coles-CAS/images/3/5/7/3574083.jpg"],"storeId":"coles","packageSize":"100g","cupPrice":"$3.50 per 100G","locations":{"VIC":{"price":3.5,"discountRate":22,"promo":"","orgPrice":4.5}},"categoryIds":["c-pantry"],"similarProductIds":[]},{"id":"kettle-sensations-popcorn-white-choc-macadamia","name":"Sensations White Chocolate Macadamia & Coconut Popcorn","brand":"Kettle","imageUrls":["https://shop.coles.com.au/wcsstore/Coles-CAS/images/3/5/7/3574094.jpg"],"storeId":"coles","packageSize":"100g","cupPrice":"$3.50 per 100G","locations":{"VIC":{"price":3.5,"discountRate":22,"promo":"","orgPrice":4.5}},"categoryIds":["c-pantry"],"similarProductIds":[]},{"id":"kez-s-gluten-fre-raspberry-melting-moments","name":"Gluten Free Raspberry Melting Moments","brand":"Kez's","imageUrls":["https://shop.coles.com.au/wcsstore/Coles-CAS/images/3/7/5/3757185.jpg"],"storeId":"coles","packageSize":"190g","cupPrice":"$2.95 per 100G","locations":{"VIC":{"price":5.6,"discountRate":20,"promo":"","orgPrice":7}},"categoryIds":["c-pantry","c-healthy-living"],"similarProductIds":[]},{"id":"kezs-free-gf-almond-florentine","name":"Gluten Free Almond Florentine Biscuits","brand":"Kez's Kitchen","imageUrls":["https://shop.coles.com.au/wcsstore/Coles-CAS/images/1/4/6/1464175.jpg"],"storeId":"coles","packageSize":"180g","cupPrice":"$3.11 per 100G","locations":{"VIC":{"price":5.6,"discountRate":20,"promo":"","orgPrice":7}},"categoryIds":["c-pantry","c-healthy-living"],"similarProductIds":[]},{"id":"kez-s-gf-salted-caramel-pretzel-florentines","name":"Gluten Free  Salted Caramel & Pretzel Florentines","brand":"Kez's Kitchen","imageUrls":["https://shop.coles.com.au/wcsstore/Coles-CAS/images/3/7/5/3757265.jpg"],"storeId":"coles","packageSize":"150g","cupPrice":"$3.73 per 100G","locations":{"VIC":{"price":5.6,"discountRate":20,"promo":"","orgPrice":7}},"categoryIds":["c-pantry","c-healthy-living"],"similarProductIds":[]},{"id":"kind-pb-dark-chocolate","name":"Dark Chocolate","brand":"Kind","imageUrls":["https://shop.coles.com.au/wcsstore/Coles-CAS/images/3/7/8/3787801.jpg"],"storeId":"coles","packageSize":"40g","cupPrice":"$7.50 per 100G","locations":{"VIC":{"price":3,"discountRate":33,"promo":"Any 2 $4","orgPrice":3}},"categoryIds":["c-pantry"],"similarProductIds":[]},{"id":"kind-caramel-almond-sea-salt","name":"Caramel Almond & Sea Salt","brand":"Kind","imageUrls":["https://shop.coles.com.au/wcsstore/Coles-CAS/images/3/7/8/3787787.jpg"],"storeId":"coles","packageSize":"40g","cupPrice":"$7.50 per 100G","locations":{"VIC":{"price":3,"discountRate":33,"promo":"Any 2 $4","orgPrice":3}},"categoryIds":["c-pantry"],"similarProductIds":[]},{"id":"kinder-chocolate-surprise-egg","name":"Surprise Egg","brand":"Kinder","imageUrls":["https://shop.coles.com.au/wcsstore/Coles-CAS/images/5/5/0/5505751.jpg"],"storeId":"coles","packageSize":"20g","cupPrice":"$9.50 per 100G","locations":{"VIC":{"price":1.9,"discountRate":14,"promo":"","orgPrice":2.1999999999999997}},"categoryIds":["c-pantry"],"similarProductIds":[]},{"id":"kinder-surprise-girls-chocolate-egg","name":"Surprise Chocolate Egg Pink","brand":"Kinder","imageUrls":["https://shop.coles.com.au/wcsstore/Coles-CAS/images/1/9/5/1951438.jpg"],"storeId":"coles","packageSize":"20g","cupPrice":"$9.50 per 100G","locations":{"VIC":{"price":1.9,"discountRate":14,"promo":"","orgPrice":2.1999999999999997}},"categoryIds":["c-pantry"],"similarProductIds":[]},{"id":"kinder--surprise-blue","name":"Surprise Blue","brand":"Kinder","imageUrls":["https://shop.coles.com.au/wcsstore/Coles-CAS/images/2/8/7/2877421.jpg"],"storeId":"coles","packageSize":"20g","cupPrice":"$9.50 per 100G","locations":{"VIC":{"price":1.9,"discountRate":14,"promo":"","orgPrice":2.1999999999999997}},"categoryIds":["c-pantry"],"similarProductIds":[]},{"id":"king-oscar-mackeral-in-tomato","name":"Skinless & Boneless Mackerel Fillets In Tomato Sauce","brand":"King Oscar","imageUrls":["https://shop.coles.com.au/wcsstore/Coles-CAS/images/2/5/0/2508470.jpg"],"storeId":"coles","packageSize":"115g","cupPrice":"$28.70 per 1Kg","locations":{"VIC":{"price":3.3,"discountRate":17,"promo":"Any 2 $5.50","orgPrice":3.3}},"categoryIds":["c-pantry"],"similarProductIds":[]},{"id":"king-oscar-mackeral-mediterranean-style","name":"Skinless & Boneless Mackerel Fillets Mediterranean Style","brand":"King Oscar","imageUrls":["https://shop.coles.com.au/wcsstore/Coles-CAS/images/2/5/0/2508480.jpg"],"storeId":"coles","packageSize":"115g","cupPrice":"$28.70 per 1Kg","locations":{"VIC":{"price":3.3,"discountRate":17,"promo":"Any 2 $5.50","orgPrice":3.3}},"categoryIds":["c-pantry"],"similarProductIds":[]},{"id":"king-oscar-mackeral-in-olive-oil","name":"Skinless & Boneless Mackerel Fillets In Olive Oil","brand":"King Oscar","imageUrls":["https://shop.coles.com.au/wcsstore/Coles-CAS/images/2/5/0/2508447.jpg"],"storeId":"coles","packageSize":"115g","cupPrice":"$28.70 per 1Kg","locations":{"VIC":{"price":3.3,"discountRate":17,"promo":"Any 2 $5.50","orgPrice":3.3}},"categoryIds":["c-pantry"],"similarProductIds":[]},{"id":"l-or-espresso-capsules-ristretto","name":"Espresso Capsules Ristretto","brand":"L'Or","imageUrls":["https://shop.coles.com.au/wcsstore/Coles-CAS/images/3/7/5/3755179.jpg"],"storeId":"coles","packageSize":"40 pack","cupPrice":"$0.40 per 1Ea","locations":{"VIC":{"price":16,"discountRate":11,"promo":"","orgPrice":18}},"categoryIds":["c-pantry","c-drinks"],"similarProductIds":[]},{"id":"la-espanola-olive-oil-mild-light","name":"Olive Oil Light","brand":"La Espanola","imageUrls":["https://shop.coles.com.au/wcsstore/Coles-CAS/images/5/8/3/5833477.jpg"],"storeId":"coles","packageSize":"500mL","cupPrice":"$0.95 per 100mL","locations":{"VIC":{"price":4.75,"discountRate":50,"promo":"","orgPrice":9.5}},"categoryIds":["c-pantry"],"similarProductIds":[]},{"id":"laucke-flour-bread-mix-wholemeal","name":"Wholemeal Bread Mix","brand":"Laucke","imageUrls":["https://shop.coles.com.au/wcsstore/Coles-CAS/images/7/7/8/7782210.jpg"],"storeId":"coles","packageSize":"5kg","cupPrice":"$2.88 per 1Kg","locations":{"VIC":{"price":14.4,"discountRate":10,"promo":"","orgPrice":16}},"categoryIds":["c-pantry"],"similarProductIds":[]},{"id":"laucke-flour-bread-mix-multigrain","name":"Multigrain Bread Mix","brand":"Laucke","imageUrls":["https://shop.coles.com.au/wcsstore/Coles-CAS/images/7/7/8/7782130.jpg"],"storeId":"coles","packageSize":"5kg","cupPrice":"$2.88 per 1Kg","locations":{"VIC":{"price":14.4,"discountRate":10,"promo":"","orgPrice":16}},"categoryIds":["c-pantry"],"similarProductIds":[]},{"id":"lavazza-prontissimo-coffe-espresso","name":"Prontissimo Coffee Espresso","brand":"Lavazza","imageUrls":["https://shop.coles.com.au/wcsstore/Coles-CAS/images/3/7/5/3756524.jpg"],"storeId":"coles","packageSize":"95g","cupPrice":"$6.32 per 100G","locations":{"VIC":{"price":6,"discountRate":40,"promo":"","orgPrice":10}},"categoryIds":["c-pantry","c-drinks"],"similarProductIds":[]},{"id":"lavazza-espresso-capsules-armonico","name":"Espresso Capsules Armonico","brand":"Lavazza","imageUrls":["https://shop.coles.com.au/wcsstore/Coles-CAS/images/3/7/5/3756488.jpg"],"storeId":"coles","packageSize":"30 pack","cupPrice":"$0.33 per 1Ea","locations":{"VIC":{"price":10,"discountRate":23,"promo":"","orgPrice":13}},"categoryIds":["c-pantry","c-drinks"],"similarProductIds":[]},{"id":"lavazza-espresso-capsules-vigoroso","name":"Espresso Capsules Vigoroso","brand":"Lavazza","imageUrls":["https://shop.coles.com.au/wcsstore/Coles-CAS/images/3/7/5/3756535.jpg"],"storeId":"coles","packageSize":"30 pack","cupPrice":"$0.33 per 1Ea","locations":{"VIC":{"price":10,"discountRate":23,"promo":"","orgPrice":13}},"categoryIds":["c-pantry","c-drinks"],"similarProductIds":[]},{"id":"lee-kum-kee-sauce-oyster-panda","name":"Panda Brand Oyster Sauce","brand":"Lee Kum Kee","imageUrls":["https://shop.coles.com.au/wcsstore/Coles-CAS/images/5/9/9/5991015.jpg"],"storeId":"coles","packageSize":"510g","cupPrice":"$0.75 per 100G","locations":{"VIC":{"price":3.82,"discountRate":20,"promo":"","orgPrice":4.75}},"categoryIds":["c-pantry","c-international-foods"],"similarProductIds":[]},{"id":"lifesavers-single-roll-pastilles-blackcurrant","name":"Blackcurrant Pastilles","brand":"Lifesavers","imageUrls":["https://shop.coles.com.au/wcsstore/Coles-CAS/images/1/1/5/1157450.jpg"],"storeId":"coles","packageSize":"34g","cupPrice":"$2.79 per 100G","locations":{"VIC":{"price":0.95,"discountRate":14,"promo":"","orgPrice":1.0999999999999999}},"categoryIds":["c-pantry"],"similarProductIds":[]},{"id":"lifesavers-single-roll-musk","name":"Musk 1 pack","brand":"Lifesavers","imageUrls":["https://shop.coles.com.au/wcsstore/Coles-CAS/images/5/9/8/5986933.jpg"],"storeId":"coles","packageSize":"34g","cupPrice":"$2.79 per 100G","locations":{"VIC":{"price":0.95,"discountRate":14,"promo":"","orgPrice":1.0999999999999999}},"categoryIds":["c-pantry"],"similarProductIds":[]},{"id":"lindt-lindor-chocolate-balls-milk-chocolate-gift-box","name":"Lindor Milk Chocolate Balls Gift Box","brand":"Lindt","imageUrls":["https://shop.coles.com.au/wcsstore/Coles-CAS/images/8/7/3/8731236.jpg"],"storeId":"coles","packageSize":"235g","cupPrice":"$4.26 per 100G","locations":{"VIC":{"price":10,"discountRate":50,"promo":"","orgPrice":20}},"categoryIds":["c-pantry"],"similarProductIds":[]},{"id":"lindt-lindor-bag-milk-chocolate-balls","name":"Lindor Milk Chocolate Balls Gift Box","brand":"Lindt","imageUrls":["https://shop.coles.com.au/wcsstore/Coles-CAS/images/5/1/4/5147403.jpg"],"storeId":"coles","packageSize":"125g","cupPrice":"$4.80 per 100G","locations":{"VIC":{"price":6,"discountRate":25,"promo":"","orgPrice":8}},"categoryIds":["c-pantry"],"similarProductIds":[]},{"id":"lindt-lindor-chocolate-balls-assorted-sharing-bag","name":"Lindor Assorted Bag","brand":"Lindt","imageUrls":["https://shop.coles.com.au/wcsstore/Coles-CAS/images/5/1/4/5147414.jpg"],"storeId":"coles","packageSize":"125g","cupPrice":"$4.80 per 100G","locations":{"VIC":{"price":6,"discountRate":25,"promo":"","orgPrice":8}},"categoryIds":["c-pantry"],"similarProductIds":[]},{"id":"lindt-gourmet-truffle-gift-box","name":"Gourmet Truffle Gift Box","brand":"Lindt","imageUrls":["https://shop.coles.com.au/wcsstore/Coles-CAS/images/8/9/6/8967593.jpg"],"storeId":"coles","packageSize":"207g","cupPrice":"$5.80 per 100G","locations":{"VIC":{"price":12,"discountRate":35,"promo":"","orgPrice":18.5}},"categoryIds":["c-pantry"],"similarProductIds":[]},{"id":"lindt-lindor-bag-mint","name":"Lindor Pistachio","brand":"Lindt","imageUrls":["https://shop.coles.com.au/wcsstore/Coles-CAS/images/1/6/1/1615260.jpg"],"storeId":"coles","packageSize":"123g","cupPrice":"$4.88 per 100G","locations":{"VIC":{"price":6,"discountRate":25,"promo":"","orgPrice":8}},"categoryIds":["c-pantry"],"similarProductIds":[]},{"id":"lindt-lindor-strawberries-cream-chocolate-bag","name":"Lindor Strawberries & Cream Chocolate Bag","brand":"Lindt","imageUrls":["https://shop.coles.com.au/wcsstore/Coles-CAS/images/1/8/2/1823573.jpg"],"storeId":"coles","packageSize":"125g","cupPrice":"$4.80 per 100G","locations":{"VIC":{"price":6,"discountRate":25,"promo":"","orgPrice":8}},"categoryIds":["c-pantry"],"similarProductIds":[]},{"id":"lindt-fioretto-duo-share-bag","name":"Lindor 70% Cocoa Dark Chocolate Balls","brand":"Lindt","imageUrls":["https://shop.coles.com.au/wcsstore/Coles-CAS/images/2/6/4/2649584.jpg"],"storeId":"coles","packageSize":"123g","cupPrice":"$4.88 per 100G","locations":{"VIC":{"price":6,"discountRate":25,"promo":"","orgPrice":8}},"categoryIds":["c-pantry"],"similarProductIds":[]},{"id":"lindt-lindor-milk-mint-bag","name":"Lindor Milk Mint Bag","brand":"Lindt","imageUrls":["https://shop.coles.com.au/wcsstore/Coles-CAS/images/3/5/7/3571518.jpg"],"storeId":"coles","packageSize":"123g","cupPrice":"$4.88 per 100G","locations":{"VIC":{"price":6,"discountRate":25,"promo":"","orgPrice":8}},"categoryIds":["c-pantry"],"similarProductIds":[]},{"id":"lindt-lindor-heart-tin","name":"Lindor Heart Tin","brand":"Lindt","imageUrls":["https://shop.coles.com.au/wcsstore/Coles-CAS/images/3/7/1/3715968.jpg"],"storeId":"coles","packageSize":"147g","cupPrice":"$6.80 per 100G","locations":{"VIC":{"price":10,"discountRate":33,"promo":"","orgPrice":15}},"categoryIds":["c-pantry"],"similarProductIds":[]},{"id":"lindt-nuxor-gift-box","name":"Nuxor Gift Box","brand":"Lindt","imageUrls":["https://shop.coles.com.au/wcsstore/Coles-CAS/images/3/7/1/3715902.jpg"],"storeId":"coles","packageSize":"177g","cupPrice":"$6.78 per 100G","locations":{"VIC":{"price":12,"discountRate":35,"promo":"","orgPrice":18.5}},"categoryIds":["c-pantry"],"similarProductIds":[]},{"id":"lindt-excellence-70-block-caramel-sea-salt","name":"Excellence 70% Cocoa Block Plus Caramel & Sea Salt","brand":"Lindt","imageUrls":["https://shop.coles.com.au/wcsstore/Coles-CAS/images/3/7/5/3759056.jpg"],"storeId":"coles","packageSize":"100g","cupPrice":"$5.00 per 100G","locations":{"VIC":{"price":5,"discountRate":17,"promo":"","orgPrice":6}},"categoryIds":["c-pantry"],"similarProductIds":[]},{"id":"lindt-excellence-70-block-orange-almonds","name":"Excellence 70% Cocoa Block Plus Orange & Almonds","brand":"Lindt","imageUrls":["https://shop.coles.com.au/wcsstore/Coles-CAS/images/3/7/5/3759067.jpg"],"storeId":"coles","packageSize":"100g","cupPrice":"$5.00 per 100G","locations":{"VIC":{"price":5,"discountRate":17,"promo":"","orgPrice":6}},"categoryIds":["c-pantry"],"similarProductIds":[]},{"id":"lipton-brilliant-mint-green-tea","name":"Mint Green Tea Bags","brand":"Lipton","imageUrls":["https://shop.coles.com.au/wcsstore/Coles-CAS/images/2/6/1/2613736.jpg"],"storeId":"coles","packageSize":"40 pack","cupPrice":"$0.08 per 1Ea","locations":{"VIC":{"price":3,"discountRate":40,"promo":"","orgPrice":5}},"categoryIds":["c-pantry","c-drinks"],"similarProductIds":[]},{"id":"lipton-green-tea-lemon","name":"Lemon Flavoured Green Tea Bag","brand":"Lipton","imageUrls":["https://shop.coles.com.au/wcsstore/Coles-CAS/images/3/0/8/3081235.jpg"],"storeId":"coles","packageSize":"40 pack","cupPrice":"$0.08 per 1Ea","locations":{"VIC":{"price":3,"discountRate":40,"promo":"","orgPrice":5}},"categoryIds":["c-pantry","c-drinks"],"similarProductIds":[]},{"id":"lipton-real-iced-tea-gren-tea-peppermint","name":"Real Iced Tea Green Tea With Peppermint","brand":"Lipton","imageUrls":["https://shop.coles.com.au/wcsstore/Coles-CAS/images/3/7/1/3712733.jpg"],"storeId":"coles","packageSize":"15 pack","cupPrice":"$0.18 per 1Ea","locations":{"VIC":{"price":2.75,"discountRate":50,"promo":"","orgPrice":5.5}},"categoryIds":["c-pantry","c-drinks"],"similarProductIds":[]},{"id":"lipton-real-iced-tea-black-tea-peach-apricot","name":"Real Iced Tea Black Tea Peach & Apricot","brand":"Lipton","imageUrls":["https://shop.coles.com.au/wcsstore/Coles-CAS/images/3/7/1/3712722.jpg"],"storeId":"coles","packageSize":"15 pack","cupPrice":"$0.18 per 1Ea","locations":{"VIC":{"price":2.75,"discountRate":50,"promo":"","orgPrice":5.5}},"categoryIds":["c-pantry","c-drinks"],"similarProductIds":[]},{"id":"lipton-real-iced-tea-gren-tea-rose-eldflwer","name":"Real Iced Tea Green Tea Rose & Elderflower","brand":"Lipton","imageUrls":["https://shop.coles.com.au/wcsstore/Coles-CAS/images/3/7/1/3712347.jpg"],"storeId":"coles","packageSize":"15 pack","cupPrice":"$0.18 per 1Ea","locations":{"VIC":{"price":2.75,"discountRate":50,"promo":"","orgPrice":5.5}},"categoryIds":["c-pantry","c-drinks"],"similarProductIds":[]},{"id":"lipton-real-iced-tea-black-tea-strawbry-rhubar","name":"Real Iced Tea Black Tea Strawberry Rhubarb","brand":"Lipton","imageUrls":["https://shop.coles.com.au/wcsstore/Coles-CAS/images/3/7/0/3709331.jpg"],"storeId":"coles","packageSize":"15 pack","cupPrice":"$0.18 per 1Ea","locations":{"VIC":{"price":2.75,"discountRate":50,"promo":"","orgPrice":5.5}},"categoryIds":["c-pantry","c-drinks"],"similarProductIds":[]},{"id":"lo-fo-pantry-low-fodmap-plain-flour","name":"Low Fodmap Plain Flour","brand":"Lo-fo Pantry","imageUrls":["https://shop.coles.com.au/wcsstore/Coles-CAS/images/3/2/3/3236262.jpg"],"storeId":"coles","packageSize":"1 kg","cupPrice":"$4.50 per 1Kg","locations":{"VIC":{"price":4.5,"discountRate":10,"promo":"","orgPrice":5}},"categoryIds":["c-pantry"],"similarProductIds":[]},{"id":"loacker-gardena-wafer-biscuits","name":"Gardena Wafer","brand":"Loacker","imageUrls":["https://shop.coles.com.au/wcsstore/Coles-CAS/images/3/7/7/3770172.jpg"],"storeId":"coles","packageSize":"200g","cupPrice":"$1.25 per 100G","locations":{"VIC":{"price":2.5,"discountRate":38,"promo":"","orgPrice":4}},"categoryIds":["c-pantry"],"similarProductIds":[]},{"id":"lucky-pine-nuts","name":"Pine Nuts","brand":"Lucky","imageUrls":["https://shop.coles.com.au/wcsstore/Coles-CAS/images/6/0/2/6023790.jpg"],"storeId":"coles","packageSize":"65g","cupPrice":"$98.46 per 1Kg","locations":{"VIC":{"price":6.4,"discountRate":20,"promo":"","orgPrice":8}},"categoryIds":["c-pantry"],"similarProductIds":[]},{"id":"lucky-almonds-blanched-6023304p","name":"Blanched Almonds","brand":"Lucky","imageUrls":["https://shop.coles.com.au/wcsstore/Coles-CAS/images/6/0/2/6023304.jpg"],"storeId":"coles","packageSize":"110g","cupPrice":"$36.36 per 1Kg","locations":{"VIC":{"price":4,"discountRate":20,"promo":"","orgPrice":5}},"categoryIds":["c-pantry"],"similarProductIds":[]},{"id":"lucky-almonds-slivered-6023326p","name":"Slivered Almonds","brand":"Lucky","imageUrls":["https://shop.coles.com.au/wcsstore/Coles-CAS/images/6/0/2/6023326.jpg"],"storeId":"coles","packageSize":"110g","cupPrice":"$36.36 per 1Kg","locations":{"VIC":{"price":4,"discountRate":20,"promo":"","orgPrice":5}},"categoryIds":["c-pantry"],"similarProductIds":[]},{"id":"lucky--almonds-natural-sliced","name":"Natural Almonds Sliced","brand":"Lucky","imageUrls":["https://shop.coles.com.au/wcsstore/Coles-CAS/images/8/7/3/8734755.jpg"],"storeId":"coles","packageSize":"110g","cupPrice":"$36.36 per 1Kg","locations":{"VIC":{"price":4,"discountRate":20,"promo":"","orgPrice":5}},"categoryIds":["c-pantry"],"similarProductIds":[]},{"id":"lucky-toasted-pine-nuts-50-gm","name":"Toasted Pine Nuts","brand":"Lucky","imageUrls":["https://shop.coles.com.au/wcsstore/Coles-CAS/images/2/7/8/2786166.jpg"],"storeId":"coles","packageSize":"50g","cupPrice":"$72.00 per 1Kg","locations":{"VIC":{"price":3.6,"discountRate":20,"promo":"","orgPrice":4.5}},"categoryIds":["c-pantry"],"similarProductIds":[]},{"id":"mars-m-ms-mix-ups-8772732p","name":"Mix Ups Chocolate Bag Medium","brand":"M&M's","imageUrls":["https://shop.coles.com.au/wcsstore/Coles-CAS/images/8/7/7/8772732.jpg"],"storeId":"coles","packageSize":"145g","cupPrice":"$2.07 per 100G","locations":{"VIC":{"price":3,"discountRate":33,"promo":"","orgPrice":4.5}},"categoryIds":["c-pantry"],"similarProductIds":[]},{"id":"mars-m-ms-crispy-honeycomb","name":"Crispy Honeycomb Flavour Chocolate Bag Medium","brand":"M&M's","imageUrls":["https://shop.coles.com.au/wcsstore/Coles-CAS/images/3/5/8/3584870.jpg"],"storeId":"coles","packageSize":"145g","cupPrice":"$2.07 per 100G","locations":{"VIC":{"price":3,"discountRate":33,"promo":"","orgPrice":4.5}},"categoryIds":["c-pantry"],"similarProductIds":[]},{"id":"macy-tailor-pressed-pretzels-pizza","name":"Pressed Pretzels Pizza","brand":"Macy & Tailor","imageUrls":["https://shop.coles.com.au/wcsstore/Coles-CAS/images/3/7/0/3700100.jpg"],"storeId":"coles","packageSize":"180g","cupPrice":"$1.67 per 100G","locations":{"VIC":{"price":3,"discountRate":25,"promo":"","orgPrice":4}},"categoryIds":["c-pantry"],"similarProductIds":[]},{"id":"maggi-stirfry-creations-five-spice","name":"Stir Fry Creations Chinese Five Spice & Soy Beef","brand":"Maggi","imageUrls":["https://shop.coles.com.au/wcsstore/Coles-CAS/images/1/1/5/1155192.jpg"],"storeId":"coles","packageSize":"150g","cupPrice":"$1.80 per 100G","locations":{"VIC":{"price":2.7,"discountRate":0,"promo":"","orgPrice":2.7}},"categoryIds":["c-pantry"],"similarProductIds":[]},{"id":"maggi-stirfry-creations-sweet-chilli-ginger-lemongrass-chicken","name":"Stir Fry Creations Sweet Chilli Ginger & Lemongrass Chicken","brand":"Maggi","imageUrls":["https://shop.coles.com.au/wcsstore/Coles-CAS/images/1/1/5/1155160.jpg"],"storeId":"coles","packageSize":"150g","cupPrice":"$1.80 per 100G","locations":{"VIC":{"price":2.7,"discountRate":0,"promo":"","orgPrice":2.7}},"categoryIds":["c-pantry"],"similarProductIds":[]},{"id":"maggi-stir-fry-creations-chinese-barbeque-pork","name":"Stir Fry Creations Chinese BBQ Pork","brand":"Maggi","imageUrls":["https://shop.coles.com.au/wcsstore/Coles-CAS/images/1/7/1/1719185.jpg"],"storeId":"coles","packageSize":"150g","cupPrice":"$1.80 per 100G","locations":{"VIC":{"price":2.7,"discountRate":10,"promo":"","orgPrice":3}},"categoryIds":["c-pantry"],"similarProductIds":[]},{"id":"maggi-dry-recipe-base-lamb-casserole","name":"Dry Recipe Base Lamb Casserole","brand":"Maggi","imageUrls":["https://shop.coles.com.au/wcsstore/Coles-CAS/images/2/7/1/2715113.jpg"],"storeId":"coles","packageSize":"31g","cupPrice":"$4.84 per 100G","locations":{"VIC":{"price":1.5,"discountRate":11,"promo":"Any 3 $3.99","orgPrice":1.5}},"categoryIds":["c-pantry"],"similarProductIds":[]},{"id":"maggi--chicken-chasseur-dry-recipe-base","name":"Dry Recipe Base Gluten Free Chicken Chasseur","brand":"Maggi","imageUrls":["https://shop.coles.com.au/wcsstore/Coles-CAS/images/2/7/1/2715077.jpg"],"storeId":"coles","packageSize":"35g","cupPrice":"$4.29 per 100G","locations":{"VIC":{"price":1.5,"discountRate":11,"promo":"Any 3 $3.99","orgPrice":1.5}},"categoryIds":["c-pantry"],"similarProductIds":[]},{"id":"majans-infusions","name":"Infuzions Potato Thai Sweet Chilli","brand":"Majans","imageUrls":["https://shop.coles.com.au/wcsstore/Coles-CAS/images/3/0/8/3084619.jpg"],"storeId":"coles","packageSize":"110g","cupPrice":"$1.82 per 100G","locations":{"VIC":{"price":2,"discountRate":43,"promo":"","orgPrice":3.5}},"categoryIds":["c-pantry"],"similarProductIds":[]},{"id":"infuzions-creamy-mac-cheese","name":"Infuzions Mac & Cheese Cheddar Cheese Flavour","brand":"Majans","imageUrls":["https://shop.coles.com.au/wcsstore/Coles-CAS/images/3/4/3/3433762.jpg"],"storeId":"coles","packageSize":"110g","cupPrice":"$1.82 per 100G","locations":{"VIC":{"price":2,"discountRate":43,"promo":"","orgPrice":3.5}},"categoryIds":["c-pantry"],"similarProductIds":[]},{"id":"majans-chippeas-special-chicken-salt","name":"Chippeas Special Chicken Salt Flavour Chips","brand":"Majans","imageUrls":["https://shop.coles.com.au/wcsstore/Coles-CAS/images/3/6/4/3642004.jpg"],"storeId":"coles","packageSize":"100g","cupPrice":"$3.50 per 100G","locations":{"VIC":{"price":3.5,"discountRate":43,"promo":"Any 2 $4","orgPrice":3.5}},"categoryIds":["c-pantry"],"similarProductIds":[]},{"id":"mars-maltesers-honeycomb","name":"Honeycomb Flavour Chocolate Bag Medium","brand":"Maltesers","imageUrls":["https://shop.coles.com.au/wcsstore/Coles-CAS/images/3/0/1/3019640.jpg"],"storeId":"coles","packageSize":"140g","cupPrice":"$2.14 per 100G","locations":{"VIC":{"price":3,"discountRate":33,"promo":"","orgPrice":4.5}},"categoryIds":["c-pantry"],"similarProductIds":[]},{"id":"mars-maltesers-buttons","name":"Buttons Milk Chocolate Bag Medium","brand":"Maltesers","imageUrls":["https://shop.coles.com.au/wcsstore/Coles-CAS/images/3/5/8/3588055.jpg"],"storeId":"coles","packageSize":"120g","cupPrice":"$2.50 per 100G","locations":{"VIC":{"price":3,"discountRate":33,"promo":"","orgPrice":4.5}},"categoryIds":["c-pantry"],"similarProductIds":[]},{"id":"mars-maltesers-truffles","name":"Truffles","brand":"Maltesers","imageUrls":["https://shop.coles.com.au/wcsstore/Coles-CAS/images/3/5/7/3571868.jpg"],"storeId":"coles","packageSize":"196g","cupPrice":"$7.14 per 100G","locations":{"VIC":{"price":14,"discountRate":29,"promo":"2 for $20","orgPrice":14}},"categoryIds":["c-pantry"],"similarProductIds":[]},{"id":"mars-m-ms-mint","name":"M&M's Mint","brand":"Mars","imageUrls":["https://shop.coles.com.au/wcsstore/Coles-CAS/images/3/7/1/3715640.jpg"],"storeId":"coles","packageSize":"160g","cupPrice":"$1.88 per 100G","locations":{"VIC":{"price":3,"discountRate":33,"promo":"","orgPrice":4.5}},"categoryIds":["c-pantry"],"similarProductIds":[]},{"id":"mars-chocolate-snickers-crispers","name":"Chocolate Snickers Crispers","brand":"Mars","imageUrls":["https://shop.coles.com.au/wcsstore/Coles-CAS/images/3/7/7/3773159.jpg"],"storeId":"coles","packageSize":"40g","cupPrice":"$5.00 per 100G","locations":{"VIC":{"price":2,"discountRate":25,"promo":"2 for $3","orgPrice":2}},"categoryIds":["c-pantry"],"similarProductIds":[]},{"id":"masterfoods-recipe-base-thai-chicken-stir-fry","name":"Stir Fry Creamy Thai Chicken Recipe Base","brand":"MasterFoods","imageUrls":["https://shop.coles.com.au/wcsstore/Coles-CAS/images/9/2/6/9269854.jpg"],"storeId":"coles","packageSize":"175g","cupPrice":"$1.26 per 100G","locations":{"VIC":{"price":2.2,"discountRate":9,"promo":"Any 3 $6","orgPrice":2.2}},"categoryIds":["c-pantry"],"similarProductIds":[]},{"id":"masterfoods-recipe-base-thai-green-curry","name":"Thai Green Curry Recipe Base","brand":"MasterFoods","imageUrls":["https://shop.coles.com.au/wcsstore/Coles-CAS/images/8/1/5/8152545.jpg"],"storeId":"coles","packageSize":"175g","cupPrice":"$1.26 per 100G","locations":{"VIC":{"price":2.2,"discountRate":9,"promo":"Any 3 $6","orgPrice":2.2}},"categoryIds":["c-pantry"],"similarProductIds":[]},{"id":"masterfoods-recipe-base-satay-chicken","name":"Stir Fry Satay Chicken Recipe Base","brand":"MasterFoods","imageUrls":["https://shop.coles.com.au/wcsstore/Coles-CAS/images/7/4/6/7468510.jpg"],"storeId":"coles","packageSize":"175g","cupPrice":"$1.26 per 100G","locations":{"VIC":{"price":2.2,"discountRate":9,"promo":"Any 3 $6","orgPrice":2.2}},"categoryIds":["c-pantry"],"similarProductIds":[]},{"id":"masterfoods-mustard-dijonnaise-squeeze-pack","name":"Dijonnaise Mustard Smooth & Creamy","brand":"MasterFoods","imageUrls":["https://shop.coles.com.au/wcsstore/Coles-CAS/images/7/1/2/7127429.jpg"],"storeId":"coles","packageSize":"250g","cupPrice":"$1.20 per 100G","locations":{"VIC":{"price":3,"discountRate":14,"promo":"","orgPrice":3.5}},"categoryIds":["c-pantry"],"similarProductIds":[]},{"id":"masterfoods-recipe-base-dev-illed-sausages","name":"Devilled Sausages Recipe Base","brand":"MasterFoods","imageUrls":["https://shop.coles.com.au/wcsstore/Coles-CAS/images/7/4/6/7468496.jpg"],"storeId":"coles","packageSize":"175g","cupPrice":"$1.26 per 100G","locations":{"VIC":{"price":2.2,"discountRate":9,"promo":"Any 3 $6","orgPrice":2.2}},"categoryIds":["c-pantry"],"similarProductIds":[]},{"id":"masterfoods-recipe-base-chow-mein","name":"Chow Mein Recipe Base","brand":"MasterFoods","imageUrls":["https://shop.coles.com.au/wcsstore/Coles-CAS/images/7/4/6/7468430.jpg"],"storeId":"coles","packageSize":"175g","cupPrice":"$1.26 per 100G","locations":{"VIC":{"price":2.2,"discountRate":9,"promo":"Any 3 $6","orgPrice":2.2}},"categoryIds":["c-pantry"],"similarProductIds":[]},{"id":"masterfoods-recipe-base-cheese-potato-bake","name":"Side Dish Creamy Cheesy Potato Bake Recipe Base","brand":"MasterFoods","imageUrls":["https://shop.coles.com.au/wcsstore/Coles-CAS/images/6/8/5/6855985.jpg"],"storeId":"coles","packageSize":"175g","cupPrice":"$1.26 per 100G","locations":{"VIC":{"price":2.2,"discountRate":9,"promo":"Any 3 $6","orgPrice":2.2}},"categoryIds":["c-pantry"],"similarProductIds":[]},{"id":"masterfoods-recipe-base-creamy-herb-garlic-potato-bake","name":"Side Dish Creamy Herb & Garlic Potato Bake Recipe Base","brand":"MasterFoods","imageUrls":["https://shop.coles.com.au/wcsstore/Coles-CAS/images/6/2/7/6275806.jpg"],"storeId":"coles","packageSize":"175g","cupPrice":"$1.26 per 100G","locations":{"VIC":{"price":2.2,"discountRate":9,"promo":"Any 3 $6","orgPrice":2.2}},"categoryIds":["c-pantry"],"similarProductIds":[]},{"id":"masterfoods-recipe-base-chinese-beef-stir-fry","name":"Stir Fry Chinese Beef Recipe Base","brand":"MasterFoods","imageUrls":["https://shop.coles.com.au/wcsstore/Coles-CAS/images/9/2/7/9271062.jpg"],"storeId":"coles","packageSize":"175g","cupPrice":"$1.26 per 100G","locations":{"VIC":{"price":2.2,"discountRate":9,"promo":"Any 3 $6","orgPrice":2.2}},"categoryIds":["c-pantry"],"similarProductIds":[]},{"id":"masterfoods-recipe-base-honey-mustard-chicken","name":"Honey Mustard Chicken Recipe Base","brand":"MasterFoods","imageUrls":["https://shop.coles.com.au/wcsstore/Coles-CAS/images/9/4/8/9481713.jpg"],"storeId":"coles","packageSize":"175g","cupPrice":"$1.26 per 100G","locations":{"VIC":{"price":2.2,"discountRate":9,"promo":"Any 3 $6","orgPrice":2.2}},"categoryIds":["c-pantry"],"similarProductIds":[]},{"id":"masterfoods-creamy-chicken-mushroom-simmer-sauce","name":"Creamy Chicken & Mushroom Simmer Sauce","brand":"MasterFoods","imageUrls":["https://shop.coles.com.au/wcsstore/Coles-CAS/images/1/7/3/1731089.jpg"],"storeId":"coles","packageSize":"490g","cupPrice":"$0.76 per 100G","locations":{"VIC":{"price":3.7,"discountRate":19,"promo":"Any 2 $6","orgPrice":3.7}},"categoryIds":["c-pantry"],"similarProductIds":[]},{"id":"masterfoods-honey-mustard-chicken-simmer-sauce","name":"Honey Mustard Chicken Simmer Sauce","brand":"MasterFoods","imageUrls":["https://shop.coles.com.au/wcsstore/Coles-CAS/images/1/7/2/1727489.jpg"],"storeId":"coles","packageSize":"505g","cupPrice":"$0.73 per 100G","locations":{"VIC":{"price":3.7,"discountRate":19,"promo":"Any 2 $6","orgPrice":3.7}},"categoryIds":["c-pantry"],"similarProductIds":[]},{"id":"masterfoods-moroccan-chicken-simmer-sauce","name":"Moroccan Chicken Simmer Sauce","brand":"MasterFoods","imageUrls":["https://shop.coles.com.au/wcsstore/Coles-CAS/images/1/7/2/1727536.jpg"],"storeId":"coles","packageSize":"510g","cupPrice":"$0.73 per 100G","locations":{"VIC":{"price":3.7,"discountRate":19,"promo":"Any 2 $6","orgPrice":3.7}},"categoryIds":["c-pantry"],"similarProductIds":[]},{"id":"mastefoods-butter-chicken-recipe-base","name":"Butter Chicken Recipe Base","brand":"MasterFoods","imageUrls":["https://shop.coles.com.au/wcsstore/Coles-CAS/images/1/8/6/1868185.jpg"],"storeId":"coles","packageSize":"175g","cupPrice":"$1.26 per 100G","locations":{"VIC":{"price":2.2,"discountRate":9,"promo":"Any 3 $6","orgPrice":2.2}},"categoryIds":["c-pantry"],"similarProductIds":[]},{"id":"masterfoods-butter-chicken-cooking-sauce","name":"Butter Chicken Cooking Sauce","brand":"MasterFoods","imageUrls":["https://shop.coles.com.au/wcsstore/Coles-CAS/images/2/3/9/2395329.jpg"],"storeId":"coles","packageSize":"485g","cupPrice":"$0.76 per 100G","locations":{"VIC":{"price":3.7,"discountRate":19,"promo":"Any 2 $6","orgPrice":3.7}},"categoryIds":["c-pantry"],"similarProductIds":[]},{"id":"masterfoods-curried-sausages-cooking-sauce","name":"Curried Sausages Cooking Sauce","brand":"MasterFoods","imageUrls":["https://shop.coles.com.au/wcsstore/Coles-CAS/images/2/3/9/2395351.jpg"],"storeId":"coles","packageSize":"500g","cupPrice":"$0.74 per 100G","locations":{"VIC":{"price":3.7,"discountRate":19,"promo":"Any 2 $6","orgPrice":3.7}},"categoryIds":["c-pantry"],"similarProductIds":[]},{"id":"masterfoods-chicken-alfredo-recipe-base","name":"Chicken Alfredo Recipe Base","brand":"MasterFoods","imageUrls":["https://shop.coles.com.au/wcsstore/Coles-CAS/images/2/3/8/2386248.jpg"],"storeId":"coles","packageSize":"170g","cupPrice":"$1.29 per 100G","locations":{"VIC":{"price":2.2,"discountRate":9,"promo":"Any 3 $6","orgPrice":2.2}},"categoryIds":["c-pantry"],"similarProductIds":[]},{"id":"masterfoods-carbonara-recipe-base","name":"Carbonara Recipe Base","brand":"MasterFoods","imageUrls":["https://shop.coles.com.au/wcsstore/Coles-CAS/images/2/3/8/2386226.jpg"],"storeId":"coles","packageSize":"170g","cupPrice":"$1.29 per 100G","locations":{"VIC":{"price":2.2,"discountRate":9,"promo":"Any 3 $6","orgPrice":2.2}},"categoryIds":["c-pantry"],"similarProductIds":[]},{"id":"masterfoods-cooking-sauce-honey-bbq-chicken","name":"Honey BBQ Chicken Cooking Sauce","brand":"MasterFoods","imageUrls":["https://shop.coles.com.au/wcsstore/Coles-CAS/images/2/8/4/2847362.jpg"],"storeId":"coles","packageSize":"520g","cupPrice":"$0.71 per 100G","locations":{"VIC":{"price":3.7,"discountRate":19,"promo":"Any 2 $6","orgPrice":3.7}},"categoryIds":["c-pantry"],"similarProductIds":[]},{"id":"masterfoods-tomato-sriracha","name":"Tomato & Sriracha Sauce Hot","brand":"MasterFoods","imageUrls":["https://shop.coles.com.au/wcsstore/Coles-CAS/images/3/5/0/3501727.jpg"],"storeId":"coles","packageSize":"250mL","cupPrice":"$1.00 per 100mL","locations":{"VIC":{"price":2.5,"discountRate":17,"promo":"","orgPrice":3}},"categoryIds":["c-pantry"],"similarProductIds":[]},{"id":"masterfoods-new-york-flame-grill-mustard","name":"New York Flame Grill Style Mustard Sauce","brand":"MasterFoods","imageUrls":["https://shop.coles.com.au/wcsstore/Coles-CAS/images/3/5/0/3501647.jpg"],"storeId":"coles","packageSize":"270g","cupPrice":"$1.11 per 100G","locations":{"VIC":{"price":3,"discountRate":14,"promo":"","orgPrice":3.5}},"categoryIds":["c-pantry"],"similarProductIds":[]},{"id":"masterfoods-texan-chipotle-sauce","name":"Chipotle Taco Style Sauce","brand":"MasterFoods","imageUrls":["https://shop.coles.com.au/wcsstore/Coles-CAS/images/3/5/0/3501465.jpg"],"storeId":"coles","packageSize":"250mL","cupPrice":"$1.26 per 100mL","locations":{"VIC":{"price":3.15,"discountRate":21,"promo":"Any 2 $5","orgPrice":3.15}},"categoryIds":["c-pantry"],"similarProductIds":[]},{"id":"masterfoods-cooking-sauce-pulled-pork","name":"Pulled Pork Cooking Sauce","brand":"Masterfoods","imageUrls":["https://shop.coles.com.au/wcsstore/Coles-CAS/images/3/4/7/3476313.jpg"],"storeId":"coles","packageSize":"520g","cupPrice":"$0.71 per 100G","locations":{"VIC":{"price":3.7,"discountRate":19,"promo":"Any 2 $6","orgPrice":3.7}},"categoryIds":["c-pantry"],"similarProductIds":[]},{"id":"masterfoods-cooking-sauce-sicilian-style-chicken","name":"Sicilian Style Chicken Cooking Sauce","brand":"Masterfoods","imageUrls":["https://shop.coles.com.au/wcsstore/Coles-CAS/images/3/4/7/3476299.jpg"],"storeId":"coles","packageSize":"500g","cupPrice":"$0.74 per 100G","locations":{"VIC":{"price":3.7,"discountRate":19,"promo":"Any 2 $6","orgPrice":3.7}},"categoryIds":["c-pantry"],"similarProductIds":[]},{"id":"masterfoods-cooking-sauce-chicken-and-chorizo","name":"Spanish Style Chicken & Chorizo Cooking Sauce","brand":"Masterfoods","imageUrls":["https://shop.coles.com.au/wcsstore/Coles-CAS/images/3/4/7/3476302.jpg"],"storeId":"coles","packageSize":"500g","cupPrice":"$0.74 per 100G","locations":{"VIC":{"price":3.7,"discountRate":19,"promo":"Any 2 $6","orgPrice":3.7}},"categoryIds":["c-pantry"],"similarProductIds":[]},{"id":"masterfoods-cooking-sauce-cauliflower-mac-cheese","name":"Cauliflower Mac & Cheese Cooking Sauce","brand":"Masterfoods","imageUrls":["https://shop.coles.com.au/wcsstore/Coles-CAS/images/3/4/7/3476288.jpg"],"storeId":"coles","packageSize":"490g","cupPrice":"$0.76 per 100G","locations":{"VIC":{"price":3.7,"discountRate":19,"promo":"Any 2 $6","orgPrice":3.7}},"categoryIds":["c-pantry"],"similarProductIds":[]},{"id":"masterfods-recipe-base-garlic-kebab","name":"Recipe Base Garlic Kebab","brand":"Masterfoods","imageUrls":["https://shop.coles.com.au/wcsstore/Coles-CAS/images/3/8/2/3827087.jpg"],"storeId":"coles","packageSize":"175g","cupPrice":"$1.26 per 100G","locations":{"VIC":{"price":2.2,"discountRate":9,"promo":"Any 3 $6","orgPrice":2.2}},"categoryIds":["c-pantry"],"similarProductIds":[]},{"id":"masterfods-recipe-base-smokey-tacos","name":"Recipe Base Smokey Tacos","brand":"Masterfoods","imageUrls":["https://shop.coles.com.au/wcsstore/Coles-CAS/images/3/8/2/3827098.jpg"],"storeId":"coles","packageSize":"175g","cupPrice":"$1.26 per 100G","locations":{"VIC":{"price":2.2,"discountRate":9,"promo":"Any 3 $6","orgPrice":2.2}},"categoryIds":["c-pantry"],"similarProductIds":[]},{"id":"mayvers-goodness-to-go-crunchy-peanut-butter","name":"Crunchy Peanut Butter 6 Mini Pots","brand":"Mayver's","imageUrls":["https://shop.coles.com.au/wcsstore/Coles-CAS/images/3/5/7/3579189.jpg"],"storeId":"coles","packageSize":"240g","cupPrice":"$1.67 per 100G","locations":{"VIC":{"price":4,"discountRate":20,"promo":"","orgPrice":5}},"categoryIds":["c-pantry"],"similarProductIds":[]},{"id":"mayvers-goodness-to-go-dark-roast-peanut-butter","name":"Crunchy Dark Roasted Peanut Butter 6 Mini Pots","brand":"Mayver's","imageUrls":["https://shop.coles.com.au/wcsstore/Coles-CAS/images/3/5/7/3579190.jpg"],"storeId":"coles","packageSize":"240g","cupPrice":"$1.67 per 100G","locations":{"VIC":{"price":4,"discountRate":20,"promo":"","orgPrice":5}},"categoryIds":["c-pantry"],"similarProductIds":[]},{"id":"mazzetti-apple-cider-honey-ginger-vinegar","name":"Organic Apple Cider Vinegar With Honey & Ginger","brand":"Mazzetti","imageUrls":["https://shop.coles.com.au/wcsstore/Coles-CAS/images/3/0/7/3071821.jpg"],"storeId":"coles","packageSize":"500mL","cupPrice":"$0.90 per 100mL","locations":{"VIC":{"price":4.5,"discountRate":10,"promo":"","orgPrice":5}},"categoryIds":["c-pantry"],"similarProductIds":[]},{"id":"mcilhenny-tabasco-sauce-green-peppers","name":"Tabasco Green Pepper Sauce","brand":"Mc Ilhenny Co.","imageUrls":["https://shop.coles.com.au/wcsstore/Coles-CAS/images/3/4/9/3499352.jpg"],"storeId":"coles","packageSize":"60mL","cupPrice":"$6.17 per 100mL","locations":{"VIC":{"price":3.7,"discountRate":20,"promo":"","orgPrice":4.6000000000000005}},"categoryIds":["c-pantry"],"similarProductIds":[]},{"id":"mentos-rainbow-roll","name":"Rainbow Roll","brand":"Mentos","imageUrls":["https://shop.coles.com.au/wcsstore/Coles-CAS/images/7/7/9/7798457.jpg"],"storeId":"coles","packageSize":"37.5g","cupPrice":"$2.67 per 100G","locations":{"VIC":{"price":1,"discountRate":29,"promo":"","orgPrice":1.4}},"categoryIds":["c-pantry"],"similarProductIds":[]},{"id":"mentos-fruit-5469410p","name":"Fruit","brand":"Mentos","imageUrls":["https://shop.coles.com.au/wcsstore/Coles-CAS/images/5/4/6/5469410.jpg"],"storeId":"coles","packageSize":"37.5g","cupPrice":"$2.67 per 100G","locations":{"VIC":{"price":1,"discountRate":29,"promo":"","orgPrice":1.4}},"categoryIds":["c-pantry"],"similarProductIds":[]},{"id":"mentos-fruit-multipack","name":"Fruit Multipack","brand":"Mentos","imageUrls":["https://shop.coles.com.au/wcsstore/Coles-CAS/images/1/2/5/1255211.jpg"],"storeId":"coles","packageSize":"112g","cupPrice":"$2.77 per 100G","locations":{"VIC":{"price":3.1,"discountRate":16,"promo":"Any 2 $5.20","orgPrice":3.1}},"categoryIds":["c-pantry"],"similarProductIds":[]},{"id":"mentos-candy-bottle-sour-mix","name":"Sour Mix Candy Bottle","brand":"Mentos","imageUrls":["https://shop.coles.com.au/wcsstore/Coles-CAS/images/3/7/3/3733460.jpg"],"storeId":"coles","packageSize":"100g","cupPrice":"$2.60 per 100G","locations":{"VIC":{"price":2.6,"discountRate":26,"promo":"","orgPrice":3.5}},"categoryIds":["c-pantry"],"similarProductIds":[]},{"id":"artisse-organic-aribar-chocolate","name":"Brown Rice Cocoa Flavour Crispy 6 Bars","brand":"Mighty Bellies","imageUrls":["https://shop.coles.com.au/wcsstore/Coles-CAS/images/6/4/2/6429353.jpg"],"storeId":"coles","packageSize":"120g","cupPrice":"$4.17 per 100G","locations":{"VIC":{"price":5,"discountRate":17,"promo":"","orgPrice":6}},"categoryIds":["c-pantry","c-healthy-living"],"similarProductIds":[]},{"id":"artisse-organic-aribar-vanilla-blast","name":"Brown Rice Vanilla Flavour Crispy 6 Bars","brand":"Mighty Bellies","imageUrls":["https://shop.coles.com.au/wcsstore/Coles-CAS/images/6/6/4/6642011.jpg"],"storeId":"coles","packageSize":"120g","cupPrice":"$4.17 per 100G","locations":{"VIC":{"price":5,"discountRate":17,"promo":"","orgPrice":6}},"categoryIds":["c-pantry","c-healthy-living"],"similarProductIds":[]},{"id":"mingle-seasonling-spag-bol-italian-blend","name":"Spag Bol Italian Blend","brand":"Mingle Seasoning","imageUrls":["https://shop.coles.com.au/wcsstore/Coles-CAS/images/3/5/1/3512541.jpg"],"storeId":"coles","packageSize":"30g","cupPrice":"$0.90 per 10G","locations":{"VIC":{"price":2.7,"discountRate":10,"promo":"","orgPrice":3}},"categoryIds":["c-pantry"],"similarProductIds":[]},{"id":"mingle-seasoning-curry-in-a-hurry-spice","name":"Curry In A Hurry Spice","brand":"Mingle Seasoning","imageUrls":["https://shop.coles.com.au/wcsstore/Coles-CAS/images/3/5/1/3512520.jpg"],"storeId":"coles","packageSize":"30g","cupPrice":"$0.90 per 10G","locations":{"VIC":{"price":2.7,"discountRate":10,"promo":"","orgPrice":3}},"categoryIds":["c-pantry"],"similarProductIds":[]},{"id":"moro-garlic-infusion-extra-virgin-olive-oil-evoo","name":"Garlic Infusion Extra Virgin Olive Oil Evoo","brand":"Moro","imageUrls":["https://shop.coles.com.au/wcsstore/Coles-CAS/images/3/0/3/3034064.jpg"],"storeId":"coles","packageSize":"250mL","cupPrice":"$1.40 per 100mL","locations":{"VIC":{"price":3.5,"discountRate":36,"promo":"","orgPrice":5.5}},"categoryIds":["c-pantry"],"similarProductIds":[]},{"id":"murray-river-organics-tropical-muesli","name":"Tropical Muesli","brand":"Murray River Organics","imageUrls":["https://shop.coles.com.au/wcsstore/Coles-CAS/images/3/7/9/3791059.jpg"],"storeId":"coles","packageSize":"300g","cupPrice":"$2.00 per 100G","locations":{"VIC":{"price":6,"discountRate":20,"promo":"","orgPrice":7.5}},"categoryIds":["c-pantry","c-healthy-living"],"similarProductIds":[]},{"id":"murray-river-organics-tropical-muesli-400g","name":"Tropical Muesli","brand":"Murray River Organics","imageUrls":["https://shop.coles.com.au/wcsstore/Coles-CAS/images/3/7/9/3791004.jpg"],"storeId":"coles","packageSize":"400g","cupPrice":"$1.50 per 100G","locations":{"VIC":{"price":6,"discountRate":20,"promo":"","orgPrice":7.5}},"categoryIds":["c-pantry","c-healthy-living"],"similarProductIds":[]},{"id":"murray-river-organics-berry-banana-muesli-400g","name":"Berry Banana Muesli","brand":"Murray River Organics","imageUrls":["https://shop.coles.com.au/wcsstore/Coles-CAS/images/3/7/9/3790996.jpg"],"storeId":"coles","packageSize":"400g","cupPrice":"$1.50 per 100G","locations":{"VIC":{"price":6,"discountRate":20,"promo":"","orgPrice":7.5}},"categoryIds":["c-pantry","c-healthy-living"],"similarProductIds":[]},{"id":"murray-river-organics-apple-cinamon-muesli-400g","name":"Apple Cinnamon Muesli","brand":"Murray River Organics","imageUrls":["https://shop.coles.com.au/wcsstore/Coles-CAS/images/3/7/9/3790985.jpg"],"storeId":"coles","packageSize":"400g","cupPrice":"$1.50 per 100G","locations":{"VIC":{"price":6,"discountRate":20,"promo":"","orgPrice":7.5}},"categoryIds":["c-pantry","c-healthy-living"],"similarProductIds":[]},{"id":"murray-river-organic-berry-banana-muesli-5pk","name":"Berry Banana Muesli 5 Pack","brand":"Murray River Organics","imageUrls":["https://shop.coles.com.au/wcsstore/Coles-CAS/images/3/7/9/3791048.jpg"],"storeId":"coles","packageSize":"300g","cupPrice":"$2.00 per 100G","locations":{"VIC":{"price":6,"discountRate":20,"promo":"","orgPrice":7.5}},"categoryIds":["c-pantry","c-healthy-living"],"similarProductIds":[]},{"id":"murray-river-organics-apple-cinamon-muesli-5pk","name":"Apple Cinnamon Muesli 5 Pack","brand":"Murray River Organics","imageUrls":["https://shop.coles.com.au/wcsstore/Coles-CAS/images/3/7/9/3791026.jpg"],"storeId":"coles","packageSize":"300g","cupPrice":"$2.00 per 100G","locations":{"VIC":{"price":6,"discountRate":20,"promo":"","orgPrice":7.5}},"categoryIds":["c-pantry","c-healthy-living"],"similarProductIds":[]},{"id":"murray-river-organic-macadamia-cranberry","name":"Macadamia & Cranberry","brand":"Murray River Organics","imageUrls":["https://shop.coles.com.au/wcsstore/Coles-CAS/images/3/7/9/3791015.jpg"],"storeId":"coles","packageSize":"400g","cupPrice":"$1.50 per 100G","locations":{"VIC":{"price":6,"discountRate":20,"promo":"","orgPrice":7.5}},"categoryIds":["c-pantry","c-healthy-living"],"similarProductIds":[]},{"id":"murray-river-organic-coffe-fruit-muesli-400g","name":"Coffee Fruit Muesli","brand":"Murray River Organics","imageUrls":["https://shop.coles.com.au/wcsstore/Coles-CAS/images/3/7/9/3790974.jpg"],"storeId":"coles","packageSize":"400g","cupPrice":"$1.50 per 100G","locations":{"VIC":{"price":6,"discountRate":20,"promo":"","orgPrice":7.5}},"categoryIds":["c-pantry","c-healthy-living"],"similarProductIds":[]},{"id":"musashi-high-protein-iced-choc-pet-rtd","name":"High Protein Iced Chocolate Protein Shake","brand":"Musashi","imageUrls":["https://shop.coles.com.au/wcsstore/Coles-CAS/images/3/1/4/3148686.jpg"],"storeId":"coles","packageSize":"375mL","cupPrice":"$1.07 per 100mL","locations":{"VIC":{"price":4,"discountRate":13,"promo":"2 for $7","orgPrice":4}},"categoryIds":["c-pantry","c-healthy-living"],"similarProductIds":[]},{"id":"mutti-polpa-tomatoes-baby-roma","name":"Finely Chopped Baby Tomatoes Polpa","brand":"Mutti","imageUrls":["https://shop.coles.com.au/wcsstore/Coles-CAS/images/3/5/8/3587405.jpg"],"storeId":"coles","packageSize":"600g","cupPrice":"$0.38 per 100G","locations":{"VIC":{"price":2.25,"discountRate":29,"promo":"","orgPrice":3.15}},"categoryIds":["c-pantry"],"similarProductIds":[]},{"id":"natures-way-super-foods-spirulina","name":"Super Foods Spirulina","brand":"Nature's Way","imageUrls":["https://shop.coles.com.au/wcsstore/Coles-CAS/images/1/4/6/1466217.jpg"],"storeId":"coles","packageSize":"100g","cupPrice":"$9.75 per 100G","locations":{"VIC":{"price":9.75,"discountRate":25,"promo":"","orgPrice":13}},"categoryIds":["c-pantry","c-healthy-living"],"similarProductIds":[]},{"id":"natures-way-super-foods-acai","name":"Super Foods Acai","brand":"Nature's Way","imageUrls":["https://shop.coles.com.au/wcsstore/Coles-CAS/images/1/4/6/1466272.jpg"],"storeId":"coles","packageSize":"50g","cupPrice":"$27.60 per 100G","locations":{"VIC":{"price":13.8,"discountRate":25,"promo":"","orgPrice":18.450000000000003}},"categoryIds":["c-pantry","c-healthy-living"],"similarProductIds":[]},{"id":"natures-way-super-foods-maca-powder","name":"Super Foods Maca Powder","brand":"Nature's Way","imageUrls":["https://shop.coles.com.au/wcsstore/Coles-CAS/images/1/4/7/1477574.jpg"],"storeId":"coles","packageSize":"100g","cupPrice":"$6.00 per 100G","locations":{"VIC":{"price":6,"discountRate":25,"promo":"","orgPrice":8}},"categoryIds":["c-pantry","c-healthy-living"],"similarProductIds":[]},{"id":"natures-way-super-food-raw-organic-cacao-powder","name":"Super Foods Raw Organic Cacao Powder","brand":"Nature's Way","imageUrls":["https://shop.coles.com.au/wcsstore/Coles-CAS/images/1/4/8/1484401.jpg"],"storeId":"coles","packageSize":"125g","cupPrice":"$4.80 per 100G","locations":{"VIC":{"price":6,"discountRate":25,"promo":"","orgPrice":8}},"categoryIds":["c-pantry","c-healthy-living"],"similarProductIds":[]},{"id":"natures-way-super-greens-boost","name":"Super Greens Boost","brand":"Nature's Way","imageUrls":["https://shop.coles.com.au/wcsstore/Coles-CAS/images/1/9/9/1996094.jpg"],"storeId":"coles","packageSize":"100g","cupPrice":"$15.00 per 100G","locations":{"VIC":{"price":15,"discountRate":25,"promo":"","orgPrice":20}},"categoryIds":["c-pantry","c-healthy-living"],"similarProductIds":[]},{"id":"natures-way-superfoods-cacao-nibs","name":"Superfoods Cacao Nibs","brand":"Nature's Way","imageUrls":["https://shop.coles.com.au/wcsstore/Coles-CAS/images/2/4/8/2481351.jpg"],"storeId":"coles","packageSize":"100g","cupPrice":"$9.00 per 100G","locations":{"VIC":{"price":9,"discountRate":25,"promo":"","orgPrice":12}},"categoryIds":["c-pantry","c-healthy-living"],"similarProductIds":[]},{"id":"natures-way-superfood--turmeric-fusion","name":"Organic RawTurmeric Fusion","brand":"Nature's Way","imageUrls":["https://shop.coles.com.au/wcsstore/Coles-CAS/images/2/8/7/2875073.jpg"],"storeId":"coles","packageSize":"330mL","cupPrice":"$0.91 per 100mL","locations":{"VIC":{"price":3,"discountRate":25,"promo":"","orgPrice":4}},"categoryIds":["c-pantry","c-healthy-living"],"similarProductIds":[]},{"id":"natures-way-kombucha-pomegranate-apple-drink","name":"Organic Kombucha Pomegranate & Apple Raw Drink","brand":"Nature's Way","imageUrls":["https://shop.coles.com.au/wcsstore/Coles-CAS/images/2/4/9/2498004.jpg"],"storeId":"coles","packageSize":"330mL","cupPrice":"$0.91 per 100mL","locations":{"VIC":{"price":3,"discountRate":25,"promo":"","orgPrice":4}},"categoryIds":["c-pantry","c-healthy-living"],"similarProductIds":[]},{"id":"natures-way-kombucha-lime-ginger-drink","name":"Kombucha Lime & Ginger Organic Raw Drink","brand":"Nature's Way","imageUrls":["https://shop.coles.com.au/wcsstore/Coles-CAS/images/2/4/9/2497996.jpg"],"storeId":"coles","packageSize":"330mL","cupPrice":"$0.91 per 100mL","locations":{"VIC":{"price":3,"discountRate":25,"promo":"","orgPrice":4}},"categoryIds":["c-pantry","c-healthy-living"],"similarProductIds":[]},{"id":"natures-way-super-food-collagen-bone-broth-gf","name":"Super Foods Collagen Bone Broth","brand":"Nature's Way","imageUrls":["https://shop.coles.com.au/wcsstore/Coles-CAS/images/3/1/3/3133270.jpg"],"storeId":"coles","packageSize":"120g","cupPrice":"$12.50 per 100G","locations":{"VIC":{"price":15,"discountRate":25,"promo":"","orgPrice":20}},"categoryIds":["c-pantry","c-healthy-living"],"similarProductIds":[]},{"id":"natures-way-super-food-beauty-smoothie-gf","name":"Collagen Beauty Smoothie","brand":"Nature's Way","imageUrls":["https://shop.coles.com.au/wcsstore/Coles-CAS/images/3/1/3/3132176.jpg"],"storeId":"coles","packageSize":"120g","cupPrice":"$9.38 per 100G","locations":{"VIC":{"price":11.25,"discountRate":25,"promo":"","orgPrice":15}},"categoryIds":["c-pantry","c-healthy-living"],"similarProductIds":[]},{"id":"natures-way-probiotic-water-coconut-lime","name":"Organic Probiotic Sparkling Water Coconut And Lime Flavour","brand":"Nature's Way","imageUrls":["https://shop.coles.com.au/wcsstore/Coles-CAS/images/2/9/0/2900590.jpg"],"storeId":"coles","packageSize":"330mL","cupPrice":"$0.95 per 100mL","locations":{"VIC":{"price":3.15,"discountRate":25,"promo":"","orgPrice":4.2}},"categoryIds":["c-pantry","c-healthy-living"],"similarProductIds":[]},{"id":"natures-way-match-green-tea-powder","name":"Match Green Tea Powder","brand":"Natures Way","imageUrls":["https://shop.coles.com.au/wcsstore/Coles-CAS/images/2/4/8/2481464.jpg"],"storeId":"coles","packageSize":"50g","cupPrice":"$19.50 per 100G","locations":{"VIC":{"price":9.75,"discountRate":25,"promo":"","orgPrice":13}},"categoryIds":["c-pantry","c-healthy-living"],"similarProductIds":[]},{"id":"natures-way-superfoods-turmeric-powder","name":"Turmeric Powder","brand":"Natures Way Superfoods","imageUrls":["https://shop.coles.com.au/wcsstore/Coles-CAS/images/2/8/7/2874966.jpg"],"storeId":"coles","packageSize":"100g","cupPrice":"$9.75 per 100G","locations":{"VIC":{"price":9.75,"discountRate":25,"promo":"","orgPrice":13}},"categoryIds":["c-pantry","c-healthy-living"],"similarProductIds":[]},{"id":"naturopathica-fat-blaster-max-tablets","name":"Fat Blaster Max Tablets","brand":"Naturopathica","imageUrls":["https://shop.coles.com.au/wcsstore/Coles-CAS/images/4/3/4/4341819.jpg"],"storeId":"coles","packageSize":"60 pack","cupPrice":"$33.33 per 100Ea","locations":{"VIC":{"price":20,"discountRate":50,"promo":"","orgPrice":40}},"categoryIds":["c-pantry","c-healthy-living"],"similarProductIds":[]},{"id":"naturopathica-fat-blaster-garciniamax-supplement","name":"Fat Blaster Garcinia Max Supplement","brand":"Naturopathica","imageUrls":["https://shop.coles.com.au/wcsstore/Coles-CAS/images/2/0/1/2015723.jpg"],"storeId":"coles","packageSize":"60 pack","cupPrice":"$0.25 per 1Ea","locations":{"VIC":{"price":15,"discountRate":50,"promo":"","orgPrice":30}},"categoryIds":["c-pantry","c-healthy-living"],"similarProductIds":[]},{"id":"naturopathica-fat-blaster-less-sugar-choc-shake","name":"Fat Blaster Less Sugar Chocolate Shake","brand":"Naturopathica","imageUrls":["https://shop.coles.com.au/wcsstore/Coles-CAS/images/3/1/3/3139186.jpg"],"storeId":"coles","packageSize":"430g","cupPrice":"$2.33 per 100G","locations":{"VIC":{"price":10,"discountRate":50,"promo":"","orgPrice":20}},"categoryIds":["c-pantry","c-healthy-living"],"similarProductIds":[]},{"id":"naturopathica--fat-blaster-30-less-sugar-raspberry-ripple-shake","name":"Fat Blaster 30% Less Sugar Raspberry Ripple Shake","brand":"Naturopathica","imageUrls":["https://shop.coles.com.au/wcsstore/Coles-CAS/images/3/1/3/3139222.jpg"],"storeId":"coles","packageSize":"430g","cupPrice":"$2.33 per 100G","locations":{"VIC":{"price":10,"discountRate":50,"promo":"","orgPrice":20}},"categoryIds":["c-pantry","c-healthy-living"],"similarProductIds":[]},{"id":"naturopathica-fat-blaster-30-less-sugar-mocha-shake","name":"Fat Blaster 30% Less Sugar Mocha Shake","brand":"Naturopathica","imageUrls":["https://shop.coles.com.au/wcsstore/Coles-CAS/images/3/1/3/3139211.jpg"],"storeId":"coles","packageSize":"430g","cupPrice":"$2.33 per 100G","locations":{"VIC":{"price":10,"discountRate":50,"promo":"","orgPrice":20}},"categoryIds":["c-pantry","c-healthy-living"],"similarProductIds":[]},{"id":"naturopathica-fat-blaster-less-sugar-vanilla-shake","name":"Fat Blaster Less Sugar Vanilla Shake","brand":"Naturopathica","imageUrls":["https://shop.coles.com.au/wcsstore/Coles-CAS/images/3/1/3/3139200.jpg"],"storeId":"coles","packageSize":"430g","cupPrice":"$2.33 per 100G","locations":{"VIC":{"price":10,"discountRate":50,"promo":"","orgPrice":20}},"categoryIds":["c-pantry","c-healthy-living"],"similarProductIds":[]},{"id":"naturopathica-fat-blaster-keto-fit-choc-shake","name":"Fat Blaster Chocolate Flavour Keto Fit Protein Shake Mix","brand":"Naturopathica","imageUrls":["https://shop.coles.com.au/wcsstore/Coles-CAS/images/3/4/7/3478046.jpg"],"storeId":"coles","packageSize":"300g","cupPrice":"$5.00 per 100G","locations":{"VIC":{"price":15,"discountRate":50,"promo":"","orgPrice":30}},"categoryIds":["c-pantry","c-healthy-living"],"similarProductIds":[]},{"id":"nescafe-gold-blend-coffee-shortblack","name":"Gold Short Black Strong Instant Coffee","brand":"Nescafe","imageUrls":["https://shop.coles.com.au/wcsstore/Coles-CAS/images/8/0/5/8050829.jpg"],"storeId":"coles","packageSize":"100g","cupPrice":"$7.00 per 100G","locations":{"VIC":{"price":7,"discountRate":36,"promo":"","orgPrice":11}},"categoryIds":["c-pantry","c-drinks"],"similarProductIds":[]},{"id":"nescafe-espresso-coffee","name":"Blend 43 Espresso Instant Coffee","brand":"Nescafe","imageUrls":["https://shop.coles.com.au/wcsstore/Coles-CAS/images/8/2/2/8229231.jpg"],"storeId":"coles","packageSize":"150g","cupPrice":"$4.67 per 100G","locations":{"VIC":{"price":7,"discountRate":26,"promo":"","orgPrice":9.4}},"categoryIds":["c-pantry","c-drinks"],"similarProductIds":[]},{"id":"nescafe-gold-blend-coffee-original-8049750p","name":"Gold Original Premium Instant Coffee","brand":"Nescafe","imageUrls":["https://shop.coles.com.au/wcsstore/Coles-CAS/images/8/0/4/8049750.jpg"],"storeId":"coles","packageSize":"100g","cupPrice":"$7.00 per 100G","locations":{"VIC":{"price":7,"discountRate":26,"promo":"","orgPrice":9.5}},"categoryIds":["c-pantry","c-drinks"],"similarProductIds":[]},{"id":"nescafe-instant-mild-roast-coffee","name":"Blend 43 Mild Roast Instant Coffee","brand":"Nescafe","imageUrls":["https://shop.coles.com.au/wcsstore/Coles-CAS/images/8/2/2/8228669.jpg"],"storeId":"coles","packageSize":"150g","cupPrice":"$4.67 per 100G","locations":{"VIC":{"price":7,"discountRate":26,"promo":"","orgPrice":9.4}},"categoryIds":["c-pantry","c-drinks"],"similarProductIds":[]},{"id":"nescafe-dolce-gusto-coffee-capsules-cafe-au-lait","name":"Dolce Gusto Cafe Au Lait Coffee Capsules 16 Pack","brand":"Nescafe","imageUrls":["https://shop.coles.com.au/wcsstore/Coles-CAS/images/9/9/2/9928338.jpg"],"storeId":"coles","packageSize":"160g","cupPrice":"$3.13 per 100G","locations":{"VIC":{"price":5,"discountRate":41,"promo":"","orgPrice":8.5}},"categoryIds":["c-pantry","c-drinks"],"similarProductIds":[]},{"id":"nescafe-blend-43-coffee-black-roast","name":"Blend 43 Black Roast Instant Coffee","brand":"Nescafe","imageUrls":["https://shop.coles.com.au/wcsstore/Coles-CAS/images/3/6/3/3631290.jpg"],"storeId":"coles","packageSize":"100g","cupPrice":"$7.00 per 100G","locations":{"VIC":{"price":7,"discountRate":26,"promo":"","orgPrice":9.5}},"categoryIds":["c-pantry","c-drinks"],"similarProductIds":[]},{"id":"nestle-plaistowe-cooking-chocolate-70%25-cocoa","name":"Plaistowe Cooking Chocolate Block 70% Dark Cocoa","brand":"Nestle","imageUrls":["https://shop.coles.com.au/wcsstore/Coles-CAS/images/7/5/2/7528780.jpg"],"storeId":"coles","packageSize":"200g","cupPrice":"$1.50 per 100G","locations":{"VIC":{"price":3,"discountRate":25,"promo":"","orgPrice":4}},"categoryIds":["c-pantry"],"similarProductIds":[]},{"id":"allens-soothers-eucalyptus-menthol","name":"Soothers Eucalyptus & Menthol With Vitamin C Medicated Lozenges","brand":"Nestle","imageUrls":["https://shop.coles.com.au/wcsstore/Coles-CAS/images/5/0/9/5096437.jpg"],"storeId":"coles","packageSize":"3 pack","cupPrice":"$1.22 per 1Ea","locations":{"VIC":{"price":3.65,"discountRate":9,"promo":"","orgPrice":4}},"categoryIds":["c-pantry"],"similarProductIds":[]},{"id":"nestle-white-chocolate-cooking-melts","name":"Bakers' Choice White Chocolate Melts","brand":"Nestle","imageUrls":["https://shop.coles.com.au/wcsstore/Coles-CAS/images/4/7/2/472848.jpg"],"storeId":"coles","packageSize":"290g","cupPrice":"$1.03 per 100G","locations":{"VIC":{"price":3,"discountRate":22,"promo":"","orgPrice":3.85}},"categoryIds":["c-pantry"],"similarProductIds":[]},{"id":"nestle-plaistowe-premium-white-cooking-chocolate","name":"Plaistowe Cooking Chocolate Block White","brand":"Nestle","imageUrls":["https://shop.coles.com.au/wcsstore/Coles-CAS/images/9/5/3/9536101.jpg"],"storeId":"coles","packageSize":"180g","cupPrice":"$1.67 per 100G","locations":{"VIC":{"price":3,"discountRate":25,"promo":"","orgPrice":4}},"categoryIds":["c-pantry"],"similarProductIds":[]},{"id":"nestle-milo-energy-snack-bar-original-6-pack","name":"Milo Snack Bars Original 6 Pack","brand":"Nestle","imageUrls":["https://shop.coles.com.au/wcsstore/Coles-CAS/images/4/9/3/4932021.jpg"],"storeId":"coles","packageSize":"126g","cupPrice":"$2.38 per 100G","locations":{"VIC":{"price":3,"discountRate":30,"promo":"","orgPrice":4.3}},"categoryIds":["c-pantry"],"similarProductIds":[]},{"id":"nestle-block-chocolate-gold-choc-whirl","name":"Gold Choc Whirl Chocolate Block","brand":"Nestle","imageUrls":["https://shop.coles.com.au/wcsstore/Coles-CAS/images/3/5/8/3588044.jpg"],"storeId":"coles","packageSize":"170g","cupPrice":"$1.76 per 100G","locations":{"VIC":{"price":3,"discountRate":33,"promo":"","orgPrice":4.5}},"categoryIds":["c-pantry"],"similarProductIds":[]},{"id":"nestle-mini-smarties-bits","name":"Smarties Mini Bits","brand":"Nestle","imageUrls":["https://shop.coles.com.au/wcsstore/Coles-CAS/images/3/5/8/3589998.jpg"],"storeId":"coles","packageSize":"150g","cupPrice":"$2.00 per 100G","locations":{"VIC":{"price":3,"discountRate":24,"promo":"","orgPrice":3.95}},"categoryIds":["c-pantry"],"similarProductIds":[]},{"id":"nestle-kit-kat-goey-caramel","name":"Kit Kat Gooey Caramel","brand":"Nestle","imageUrls":["https://shop.coles.com.au/wcsstore/Coles-CAS/images/3/7/6/3761240.jpg"],"storeId":"coles","packageSize":"45g","cupPrice":"$4.44 per 100G","locations":{"VIC":{"price":2,"discountRate":25,"promo":"Any 2 $3","orgPrice":2}},"categoryIds":["c-pantry"],"similarProductIds":[]},{"id":"nicabate-minis-mint-mint-lozenges-15mg","name":"Mini Mint Lozenges 1.5mg","brand":"Nicabate","imageUrls":["https://shop.coles.com.au/wcsstore/Coles-CAS/images/6/9/9/6998870.jpg"],"storeId":"coles","packageSize":"60 pack","cupPrice":"$0.47 per 1Ea","locations":{"VIC":{"price":28,"discountRate":16,"promo":"","orgPrice":33.2}},"categoryIds":["c-pantry","c-health--beauty"],"similarProductIds":[]},{"id":"nicabate-minis-mint-lozenges-4mg","name":"Minis Quit Smoking Lozenge 4mg","brand":"Nicabate","imageUrls":["https://shop.coles.com.au/wcsstore/Coles-CAS/images/7/0/0/7003867.jpg"],"storeId":"coles","packageSize":"60 Pack","cupPrice":"$0.47 per 1Ea","locations":{"VIC":{"price":28,"discountRate":16,"promo":"","orgPrice":33.2}},"categoryIds":["c-pantry","c-health--beauty"],"similarProductIds":[]},{"id":"nice-natural-nut-bar-original-6-pack","name":"Roasted Peanut Nut Bars 6 Pack","brand":"Nice & Natural","imageUrls":["https://shop.coles.com.au/wcsstore/Coles-CAS/images/9/8/2/9827148.jpg"],"storeId":"coles","packageSize":"192g","cupPrice":"$2.08 per 100G","locations":{"VIC":{"price":4,"discountRate":25,"promo":"Any 2 $6","orgPrice":4}},"categoryIds":["c-pantry"],"similarProductIds":[]},{"id":"nice-and-natural-mixed-berry-nut-bar","name":"Mixed Berry Roasted Nut Bars 6 pack","brand":"Nice & Natural","imageUrls":["https://shop.coles.com.au/wcsstore/Coles-CAS/images/2/1/2/2129449.jpg"],"storeId":"coles","packageSize":"192g","cupPrice":"$2.08 per 100G","locations":{"VIC":{"price":4,"discountRate":25,"promo":"Any 2 $6","orgPrice":4}},"categoryIds":["c-pantry"],"similarProductIds":[]},{"id":"nice-natural--roasted-peanut-cashew-nut-bar","name":"Roasted Cashew Milk Chocolate Peanut Bars 6 Pack","brand":"Nice & Natural","imageUrls":["https://shop.coles.com.au/wcsstore/Coles-CAS/images/2/6/0/2605873.jpg"],"storeId":"coles","packageSize":"192g","cupPrice":"$2.08 per 100G","locations":{"VIC":{"price":4,"discountRate":25,"promo":"Any 2 $6","orgPrice":4}},"categoryIds":["c-pantry"],"similarProductIds":[]},{"id":"noshu-white-choc-baking-chips","name":"95% Sugar Free White Choc Baking Chips","brand":"Noshu","imageUrls":["https://shop.coles.com.au/wcsstore/Coles-CAS/images/3/5/9/3591457.jpg"],"storeId":"coles","packageSize":"150g","cupPrice":"$2.33 per 100G","locations":{"VIC":{"price":3.5,"discountRate":13,"promo":"","orgPrice":4}},"categoryIds":["c-pantry"],"similarProductIds":[]},{"id":"noshu-sugar-fre-choc-chip-cokies","name":"98% Sugar Free Choc Chip Cookies Mix","brand":"Noshu","imageUrls":["https://shop.coles.com.au/wcsstore/Coles-CAS/images/3/6/6/3660436.jpg"],"storeId":"coles","packageSize":"300g","cupPrice":"$2.17 per 100G","locations":{"VIC":{"price":6.5,"discountRate":13,"promo":"","orgPrice":7.5}},"categoryIds":["c-pantry"],"similarProductIds":[]},{"id":"noshu-99-sugar-fre-low-carb-pancake-mix","name":"Sugar Free Low Carb Pancake Mix","brand":"Noshu","imageUrls":["https://shop.coles.com.au/wcsstore/Coles-CAS/images/3/7/6/3765693.jpg"],"storeId":"coles","packageSize":"240g","cupPrice":"$2.08 per 100G","locations":{"VIC":{"price":5,"discountRate":17,"promo":"","orgPrice":6}},"categoryIds":["c-pantry"],"similarProductIds":[]},{"id":"noshu-98-sugar-fre-chocolate-cupcake-mix","name":"97% Sugar Free Chocolate Cupcake Mix","brand":"Noshu","imageUrls":["https://shop.coles.com.au/wcsstore/Coles-CAS/images/3/7/6/3765682.jpg"],"storeId":"coles","packageSize":"350g","cupPrice":"$2.00 per 100G","locations":{"VIC":{"price":7,"discountRate":13,"promo":"","orgPrice":8}},"categoryIds":["c-pantry"],"similarProductIds":[]},{"id":"noshu-95-sugar-fre-funfetti-cupcake-mix","name":"95% Sugar Free Vanilla Funfetti Cupcake Mix","brand":"Noshu","imageUrls":["https://shop.coles.com.au/wcsstore/Coles-CAS/images/3/7/6/3765671.jpg"],"storeId":"coles","packageSize":"350g","cupPrice":"$2.00 per 100G","locations":{"VIC":{"price":7,"discountRate":13,"promo":"","orgPrice":8}},"categoryIds":["c-pantry"],"similarProductIds":[]},{"id":"sempio-sweet-potato-noodles","name":"Sweet Potato Noodles","brand":"Obap","imageUrls":["https://shop.coles.com.au/wcsstore/Coles-CAS/images/2/0/1/2017434.jpg"],"storeId":"coles","packageSize":"100g","cupPrice":"$1.60 per 100G","locations":{"VIC":{"price":1.6,"discountRate":20,"promo":"","orgPrice":2}},"categoryIds":["c-pantry"],"similarProductIds":[]},{"id":"ocean-spray-craisins-infused-pomegranate","name":"Craisins Infused Pomegranate","brand":"Ocean Spray","imageUrls":["https://shop.coles.com.au/wcsstore/Coles-CAS/images/3/5/8/3586016.jpg"],"storeId":"coles","packageSize":"150g","cupPrice":"$2.00 per 100G","locations":{"VIC":{"price":3,"discountRate":25,"promo":"","orgPrice":4}},"categoryIds":["c-pantry"],"similarProductIds":[]},{"id":"ocean-spray-craisins-infused-blueberry","name":"Craisins Infused Blueberry","brand":"Ocean Spray","imageUrls":["https://shop.coles.com.au/wcsstore/Coles-CAS/images/3/5/7/3578700.jpg"],"storeId":"coles","packageSize":"150g","cupPrice":"$2.00 per 100G","locations":{"VIC":{"price":3,"discountRate":25,"promo":"","orgPrice":4}},"categoryIds":["c-pantry"],"similarProductIds":[]},{"id":"optimum-nutrition-protein-crunch-milk-choclate","name":"Nutrition Protein Crunch Milk Chocolate Pouch","brand":"Optimum","imageUrls":["https://shop.coles.com.au/wcsstore/Coles-CAS/images/3/1/3/3130578.jpg"],"storeId":"coles","packageSize":"56g","cupPrice":"$5.26 per 100G","locations":{"VIC":{"price":3,"discountRate":25,"promo":"","orgPrice":4}},"categoryIds":["c-pantry","c-healthy-living"],"similarProductIds":[]},{"id":"optimum-nutrition-protein-crunch-peanut","name":"Peanut Butter Flavour Protein Crunch","brand":"Optimum Nutrition","imageUrls":["https://shop.coles.com.au/wcsstore/Coles-CAS/images/3/1/3/3130589.jpg"],"storeId":"coles","packageSize":"56g","cupPrice":"$5.36 per 100G","locations":{"VIC":{"price":3,"discountRate":25,"promo":"","orgPrice":4}},"categoryIds":["c-pantry","c-healthy-living"],"similarProductIds":[]},{"id":"optimum-nutrition-protein-crunch-vanilla-marshmal","name":"Protein Crunch Vanilla Marshmallow","brand":"Optimum Nutrition","imageUrls":["https://shop.coles.com.au/wcsstore/Coles-CAS/images/3/4/7/3475730.jpg"],"storeId":"coles","packageSize":"57g","cupPrice":"$5.26 per 100G","locations":{"VIC":{"price":3,"discountRate":25,"promo":"","orgPrice":4}},"categoryIds":["c-pantry","c-healthy-living"],"similarProductIds":[]},{"id":"optimum-nutrition-protein-protein-choc-mint","name":"Protein Crunch Mint Chocolate","brand":"Optimum Nutrition","imageUrls":["https://shop.coles.com.au/wcsstore/Coles-CAS/images/3/7/9/3792540.jpg"],"storeId":"coles","packageSize":"57g","cupPrice":"$5.26 per 100G","locations":{"VIC":{"price":3,"discountRate":25,"promo":"","orgPrice":4}},"categoryIds":["c-pantry","c-healthy-living"],"similarProductIds":[]},{"id":"oreo--strawberry-cr%C3%A8me-biscuits","name":"Strawberry Crème Cookies","brand":"Oreo","imageUrls":["https://shop.coles.com.au/wcsstore/Coles-CAS/images/2/7/1/2710448.jpg"],"storeId":"coles","packageSize":"133g","cupPrice":"$1.13 per 100G","locations":{"VIC":{"price":1.5,"discountRate":25,"promo":"","orgPrice":2}},"categoryIds":["c-pantry"],"similarProductIds":[]},{"id":"superfood-millet-quinoa-buckwheat-spiral-pasta","name":"Superfood Millet Quinoa Buckwheat Spiral Pasta","brand":"Orgran","imageUrls":["https://shop.coles.com.au/wcsstore/Coles-CAS/images/3/4/1/3412343.jpg"],"storeId":"coles","packageSize":"250g","cupPrice":"$1.20 per 100G","locations":{"VIC":{"price":3,"discountRate":25,"promo":"","orgPrice":4}},"categoryIds":["c-pantry","c-healthy-living"],"similarProductIds":[]},{"id":"paramount-salmon-red-293000p","name":"Red Salmon Wild Alaskan","brand":"Paramount","imageUrls":["https://shop.coles.com.au/wcsstore/Coles-CAS/images/2/9/3/293000.jpg"],"storeId":"coles","packageSize":"210g","cupPrice":"$30.00 per 1Kg","locations":{"VIC":{"price":6.3,"discountRate":10,"promo":"","orgPrice":7}},"categoryIds":["c-pantry"],"similarProductIds":[]},{"id":"paramount-pink-salmon","name":"Pink Salmon Wild Alaskan","brand":"Paramount","imageUrls":["https://shop.coles.com.au/wcsstore/Coles-CAS/images/3/3/5/335563.jpg"],"storeId":"coles","packageSize":"210g","cupPrice":"$21.43 per 1Kg","locations":{"VIC":{"price":4.5,"discountRate":10,"promo":"","orgPrice":5}},"categoryIds":["c-pantry"],"similarProductIds":[]},{"id":"passage-to-india-sauce-balti-curry-simmer","name":"Passage To India Balti Curry Simmer Sauce Pouch","brand":"Passage Foods","imageUrls":["https://shop.coles.com.au/wcsstore/Coles-CAS/images/6/8/3/6836197.jpg"],"storeId":"coles","packageSize":"375g","cupPrice":"$0.87 per 100G","locations":{"VIC":{"price":3.25,"discountRate":31,"promo":"","orgPrice":4.7}},"categoryIds":["c-pantry","c-international-foods"],"similarProductIds":[]},{"id":"passage-to-india-sauce-vindaloo-simmer","name":"Passage to India Vindaloo Simmer Sauce Pouch","brand":"Passage Foods","imageUrls":["https://shop.coles.com.au/wcsstore/Coles-CAS/images/6/2/9/6293943.jpg"],"storeId":"coles","packageSize":"375g","cupPrice":"$0.87 per 100G","locations":{"VIC":{"price":3.25,"discountRate":31,"promo":"","orgPrice":4.7}},"categoryIds":["c-pantry","c-international-foods"],"similarProductIds":[]},{"id":"passage-to-india-simmer-sauce-curry-coconut-cashew","name":"Passage to India Sri Lankan Coconut & Cashew Chicken Simmer Sauce Pouch","brand":"Passage Foods","imageUrls":["https://shop.coles.com.au/wcsstore/Coles-CAS/images/1/3/2/1329180.jpg"],"storeId":"coles","packageSize":"375g","cupPrice":"$0.87 per 100G","locations":{"VIC":{"price":3.25,"discountRate":31,"promo":"","orgPrice":4.7}},"categoryIds":["c-pantry","c-international-foods"],"similarProductIds":[]},{"id":"peckish-fancies-rice-cracker-tomato-basil","name":"Gluten Free Fancies Vine Tomatoes & Basil Rice Crackers","brand":"Peckish","imageUrls":["https://shop.coles.com.au/wcsstore/Coles-CAS/images/3/4/6/3468519.jpg"],"storeId":"coles","packageSize":"90g","cupPrice":"$1.56 per 100G","locations":{"VIC":{"price":1.4,"discountRate":50,"promo":"","orgPrice":2.8}},"categoryIds":["c-pantry"],"similarProductIds":[]},{"id":"peckish-fancies-rice-cracker-parmesn-herb","name":"Fancies Parmesan & Herbs Rice Crackers","brand":"Peckish","imageUrls":["https://shop.coles.com.au/wcsstore/Coles-CAS/images/3/4/6/3468520.jpg"],"storeId":"coles","packageSize":"90g","cupPrice":"$1.56 per 100G","locations":{"VIC":{"price":1.4,"discountRate":50,"promo":"","orgPrice":2.8}},"categoryIds":["c-pantry"],"similarProductIds":[]},{"id":"peckish-puff-bites-rice-snacks-salt-vinegar","name":"Puff Bites Rice Snacks Salt Vinegar","brand":"Peckish","imageUrls":["https://shop.coles.com.au/wcsstore/Coles-CAS/images/3/7/6/3763304.jpg"],"storeId":"coles","packageSize":"","cupPrice":"","locations":{"VIC":{"price":1.25,"discountRate":50,"promo":"","orgPrice":2.5}},"categoryIds":["c-pantry"],"similarProductIds":[]},{"id":"peckish-fancies-rice-crackers-honey-soy","name":"Fancies Rice Crackers Honey & Soy","brand":"Peckish","imageUrls":["https://shop.coles.com.au/wcsstore/Coles-CAS/images/3/7/6/3763235.jpg"],"storeId":"coles","packageSize":"","cupPrice":"","locations":{"VIC":{"price":1.4,"discountRate":50,"promo":"","orgPrice":2.8}},"categoryIds":["c-pantry"],"similarProductIds":[]},{"id":"peckish-fancies-rice-smokey-bbq-cracked-pepper","name":"Fancies Rice Smokey BBQ & Cracked Pepper","brand":"Peckish","imageUrls":["https://shop.coles.com.au/wcsstore/Coles-CAS/images/3/7/6/3763257.jpg"],"storeId":"coles","packageSize":"90g","cupPrice":"$1.56 per 100G","locations":{"VIC":{"price":1.4,"discountRate":50,"promo":"","orgPrice":2.8}},"categoryIds":["c-pantry"],"similarProductIds":[]},{"id":"peckish-fancies-jalapeno-chilli-cheddar-rice-crackers","name":"Fancies Jalapeno Chilli & Cheddar Rice Crackers","brand":"Peckish","imageUrls":["https://shop.coles.com.au/wcsstore/Coles-CAS/images/3/7/6/3763246.jpg"],"storeId":"coles","packageSize":"90g","cupPrice":"$1.56 per 100G","locations":{"VIC":{"price":1.4,"discountRate":50,"promo":"","orgPrice":2.8}},"categoryIds":["c-pantry"],"similarProductIds":[]},{"id":"poppin-ready-to-eat-popcorn-chicken","name":"Ready To Eat Popcorn Chicken","brand":"Poppin","imageUrls":["https://shop.coles.com.au/wcsstore/Coles-CAS/images/3/7/0/3708102.jpg"],"storeId":"coles","packageSize":"90g","cupPrice":"$2.22 per 100G","locations":{"VIC":{"price":2,"discountRate":20,"promo":"","orgPrice":2.5}},"categoryIds":["c-pantry"],"similarProductIds":[]},{"id":"push-pop-candy","name":"Lollipop","brand":"Push Pop","imageUrls":["https://shop.coles.com.au/wcsstore/Coles-CAS/images/4/3/2/4325925.jpg"],"storeId":"coles","packageSize":"15g","cupPrice":"$8.00 per 100G","locations":{"VIC":{"price":1.2,"discountRate":20,"promo":"","orgPrice":1.5}},"categoryIds":["c-pantry"],"similarProductIds":[]},{"id":"qi-organic-green-detox-tea-bags-25-pack","name":"Organic Detox Green Tea Bags 25 pack","brand":"Qi","imageUrls":["https://shop.coles.com.au/wcsstore/Coles-CAS/images/2/2/3/2236744.jpg"],"storeId":"coles","packageSize":"40g","cupPrice":"$0.16 per 1Ea","locations":{"VIC":{"price":4,"discountRate":20,"promo":"","orgPrice":5}},"categoryIds":["c-pantry","c-drinks"],"similarProductIds":[]},{"id":"qi-oolong-tea-bags-slim","name":"Organic Oolong Slim Tea Bags 20 pack","brand":"Qi","imageUrls":["https://shop.coles.com.au/wcsstore/Coles-CAS/images/3/2/4/3247837.jpg"],"storeId":"coles","packageSize":"32g","cupPrice":"$12.50 per 100G","locations":{"VIC":{"price":4,"discountRate":20,"promo":"","orgPrice":5}},"categoryIds":["c-pantry","c-drinks"],"similarProductIds":[]},{"id":"qi-oolong-tea-bags-digestif","name":"Wellbeing Green Tea Bags","brand":"Qi","imageUrls":["https://shop.coles.com.au/wcsstore/Coles-CAS/images/3/2/4/3247848.jpg"],"storeId":"coles","packageSize":"32g","cupPrice":"$12.50 per 100G","locations":{"VIC":{"price":4,"discountRate":20,"promo":"","orgPrice":5}},"categoryIds":["c-pantry","c-drinks"],"similarProductIds":[]},{"id":"queen-all-natural-food-colouring-4-pack-rainbow","name":"All Natural Extracts Food & Drinks Colouring 4 Pack","brand":"Queen","imageUrls":["https://shop.coles.com.au/wcsstore/Coles-CAS/images/4/8/4/4847057.jpg"],"storeId":"coles","packageSize":"28 mL","cupPrice":"$21.43 per 100mL","locations":{"VIC":{"price":6,"discountRate":23,"promo":"","orgPrice":7.75}},"categoryIds":["c-pantry"],"similarProductIds":[]},{"id":"red-rock-deli-dlxe-chilli-roast-garlic-lemon","name":"Chilli Roast Garlic & Lemon Oil Deluxe Chips","brand":"Red Rock Deli","imageUrls":["https://shop.coles.com.au/wcsstore/Coles-CAS/images/3/5/6/3569094.jpg"],"storeId":"coles","packageSize":"135g","cupPrice":"$2.22 per 100G","locations":{"VIC":{"price":3,"discountRate":33,"promo":"","orgPrice":4.5}},"categoryIds":["c-pantry"],"similarProductIds":[]},{"id":"red-rock-deli-tortilla-chips-tomato-relish","name":"Tomato Relish Tortilla Chips","brand":"Red Rock Deli","imageUrls":["https://shop.coles.com.au/wcsstore/Coles-CAS/images/3/7/9/3797361.jpg"],"storeId":"coles","packageSize":"165g","cupPrice":"$1.41 per 100G","locations":{"VIC":{"price":2.32,"discountRate":50,"promo":"","orgPrice":4.65}},"categoryIds":["c-pantry"],"similarProductIds":[]},{"id":"red-tractor-gourment-oats-honey-cinnamon","name":"Oats Honey Cinnamon","brand":"Red Tractor Gourment","imageUrls":["https://shop.coles.com.au/wcsstore/Coles-CAS/images/3/7/3/3739285.jpg"],"storeId":"coles","packageSize":"600g","cupPrice":"$0.76 per 100G","locations":{"VIC":{"price":4.55,"discountRate":30,"promo":"","orgPrice":6.5}},"categoryIds":["c-pantry"],"similarProductIds":[]},{"id":"red-tractor-gourment-protein-oats","name":"Protein Oats","brand":"Red Tractor Gourment","imageUrls":["https://shop.coles.com.au/wcsstore/Coles-CAS/images/3/7/3/3739300.jpg"],"storeId":"coles","packageSize":"600g","cupPrice":"$0.76 per 100G","locations":{"VIC":{"price":4.55,"discountRate":30,"promo":"","orgPrice":6.5}},"categoryIds":["c-pantry"],"similarProductIds":[]},{"id":"robert-timms-coffee-bags-decaf","name":"Decaffeinated Coffee Bags 18 pack","brand":"Robert Timms","imageUrls":["https://shop.coles.com.au/wcsstore/Coles-CAS/images/6/4/1/6415064.jpg"],"storeId":"coles","packageSize":"105g","cupPrice":"$5.62 per 100G","locations":{"VIC":{"price":5.9,"discountRate":20,"promo":"","orgPrice":7.4}},"categoryIds":["c-pantry","c-drinks"],"similarProductIds":[]},{"id":"san-remo-pasta-fettuccine-gluten-free","name":"Gluten Free Fettuccine  Pasta","brand":"San Remo","imageUrls":["https://shop.coles.com.au/wcsstore/Coles-CAS/images/5/3/6/5363748.jpg"],"storeId":"coles","packageSize":"350g","cupPrice":"$1.00 per 100G","locations":{"VIC":{"price":3.5,"discountRate":17,"promo":"","orgPrice":4.2}},"categoryIds":["c-pantry"],"similarProductIds":[]},{"id":"san-remo-pasta-lasagne-gluten-free","name":"Gluten Free Lasagna","brand":"San Remo","imageUrls":["https://shop.coles.com.au/wcsstore/Coles-CAS/images/4/2/7/4275973.jpg"],"storeId":"coles","packageSize":"200g","cupPrice":"$1.75 per 100G","locations":{"VIC":{"price":3.5,"discountRate":17,"promo":"","orgPrice":4.2}},"categoryIds":["c-pantry"],"similarProductIds":[]},{"id":"san-remo-pulse-pasta-chickpea-spirals","name":"Chickpeas Spirals Pulse Pasta","brand":"San Remo","imageUrls":["https://shop.coles.com.au/wcsstore/Coles-CAS/images/3/5/8/3582387.jpg"],"storeId":"coles","packageSize":"250g","cupPrice":"$1.40 per 100G","locations":{"VIC":{"price":3.5,"discountRate":17,"promo":"","orgPrice":4.2}},"categoryIds":["c-pantry"],"similarProductIds":[]},{"id":"sandhurst-sun-dried-tomatoes-fat-free","name":"Sun Dried Tomatoes Fat Free","brand":"Sandhurst","imageUrls":["https://shop.coles.com.au/wcsstore/Coles-CAS/images/5/4/6/5469680.jpg"],"storeId":"coles","packageSize":"125g","cupPrice":"$26.40 per 1Kg","locations":{"VIC":{"price":3.3,"discountRate":11,"promo":"","orgPrice":3.6999999999999997}},"categoryIds":["c-pantry"],"similarProductIds":[]},{"id":"saxa-natural-sea-salt-flakes","name":"Natural Sea Salt Flakes","brand":"Saxa","imageUrls":["https://shop.coles.com.au/wcsstore/Coles-CAS/images/7/8/9/7890370.jpg"],"storeId":"coles","packageSize":"200g","cupPrice":"$0.32 per 10G","locations":{"VIC":{"price":6.4,"discountRate":0,"promo":"","orgPrice":6.4}},"categoryIds":["c-pantry"],"similarProductIds":[]},{"id":"sharwod-s-japanese-katsu-curry-pouch","name":"Japanese Katsu Curry Pouch","brand":"Sharwood's","imageUrls":["https://shop.coles.com.au/wcsstore/Coles-CAS/images/3/7/3/3730203.jpg"],"storeId":"coles","packageSize":"250g","cupPrice":"$1.12 per 100G","locations":{"VIC":{"price":2.8,"discountRate":20,"promo":"","orgPrice":3.5}},"categoryIds":["c-pantry","c-international-foods"],"similarProductIds":[]},{"id":"sharwod-s-malaysian-coconut-curry-asian-pouch","name":"Malaysian Coconut Curry Asian Pouch","brand":"Sharwood's","imageUrls":["https://shop.coles.com.au/wcsstore/Coles-CAS/images/3/7/3/3730190.jpg"],"storeId":"coles","packageSize":"250g","cupPrice":"$1.12 per 100G","locations":{"VIC":{"price":2.8,"discountRate":20,"promo":"","orgPrice":3.5}},"categoryIds":["c-pantry","c-international-foods"],"similarProductIds":[]},{"id":"sharwod-s-korean-bbq-asian-pouch","name":"Korean BBQ Asian Pouch","brand":"Sharwood's","imageUrls":["https://shop.coles.com.au/wcsstore/Coles-CAS/images/3/7/3/3730189.jpg"],"storeId":"coles","packageSize":"250g","cupPrice":"$1.12 per 100G","locations":{"VIC":{"price":2.8,"discountRate":20,"promo":"","orgPrice":3.5}},"categoryIds":["c-pantry","c-international-foods"],"similarProductIds":[]},{"id":"sharwod-s-tangy-butter-chicken-coking-sauce","name":"Tangy Butter Chicken Cooking Sauce Pouch","brand":"Sharwood's","imageUrls":["https://shop.coles.com.au/wcsstore/Coles-CAS/images/3/7/5/3759748.jpg"],"storeId":"coles","packageSize":"250g","cupPrice":"$1.12 per 100G","locations":{"VIC":{"price":2.8,"discountRate":20,"promo":"","orgPrice":3.5}},"categoryIds":["c-pantry","c-international-foods"],"similarProductIds":[]},{"id":"sharwod-s-spicy-tikka-coking-sauce","name":"Spicy Tikka Cooking Sauce Pouch","brand":"Sharwood's","imageUrls":["https://shop.coles.com.au/wcsstore/Coles-CAS/images/3/7/5/3759726.jpg"],"storeId":"coles","packageSize":"250g","cupPrice":"$1.12 per 100G","locations":{"VIC":{"price":2.8,"discountRate":20,"promo":"","orgPrice":3.5}},"categoryIds":["c-pantry","c-international-foods"],"similarProductIds":[]},{"id":"sharwod-s-creamy-coconut-korma-coking-sauce","name":"Creamy Coconut Korma Cooking Sauce Pouch","brand":"Sharwood's","imageUrls":["https://shop.coles.com.au/wcsstore/Coles-CAS/images/3/7/5/3759715.jpg"],"storeId":"coles","packageSize":"250g","cupPrice":"$1.12 per 100G","locations":{"VIC":{"price":2.8,"discountRate":20,"promo":"","orgPrice":3.5}},"categoryIds":["c-pantry","c-international-foods"],"similarProductIds":[]},{"id":"simply-wize-gluten-free-gnocchi","name":"Gluten Free Gnocchi","brand":"Simply Wize","imageUrls":["https://shop.coles.com.au/wcsstore/Coles-CAS/images/7/5/7/7572986.jpg"],"storeId":"coles","packageSize":"500g","cupPrice":"$0.99 per 100G","locations":{"VIC":{"price":4.95,"discountRate":10,"promo":"","orgPrice":5.5}},"categoryIds":["c-pantry","c-healthy-living"],"similarProductIds":[]},{"id":"simply-wize-gluten-free-mix-bread-crusty","name":"Gluten Free Crusty Bread","brand":"Simply Wize","imageUrls":["https://shop.coles.com.au/wcsstore/Coles-CAS/images/7/4/8/7482748.jpg"],"storeId":"coles","packageSize":"330g","cupPrice":"$0.91 per 100G","locations":{"VIC":{"price":3,"discountRate":50,"promo":"","orgPrice":6}},"categoryIds":["c-pantry","c-healthy-living"],"similarProductIds":[]},{"id":"slim-secrets-choc-love-mint-crisps","name":"Choc Love Bites Mint Crisps","brand":"Slim Secrets","imageUrls":["https://shop.coles.com.au/wcsstore/Coles-CAS/images/3/5/7/3574833.jpg"],"storeId":"coles","packageSize":"36g","cupPrice":"$5.56 per 100G","locations":{"VIC":{"price":2,"discountRate":33,"promo":"","orgPrice":3}},"categoryIds":["c-pantry","c-healthy-living"],"similarProductIds":[]},{"id":"snickers-king-size-chocolate-bar","name":"Chocolate Bar 2 Pack","brand":"Snickers","imageUrls":["https://shop.coles.com.au/wcsstore/Coles-CAS/images/6/0/1/6016761.jpg"],"storeId":"coles","packageSize":"72g","cupPrice":"$2.08 per 100G","locations":{"VIC":{"price":1.5,"discountRate":40,"promo":"","orgPrice":2.5}},"categoryIds":["c-pantry"],"similarProductIds":[]},{"id":"nestle-liquid-centre-butter-menthol-honey-lemon","name":"Butter-Menthol Honey & Lemon Liquid Centres Medicated Throat Lozenges","brand":"Soothers","imageUrls":["https://shop.coles.com.au/wcsstore/Coles-CAS/images/7/5/4/7543117.jpg"],"storeId":"coles","packageSize":"10 pack","cupPrice":"$0.20 per 1Ea","locations":{"VIC":{"price":2,"discountRate":9,"promo":"","orgPrice":2.2}},"categoryIds":["c-pantry"],"similarProductIds":[]},{"id":"allens-butter-menthol-stick-throat-lozenges","name":"Butter-Menthol Medicated Throat Lozenges","brand":"Soothers","imageUrls":["https://shop.coles.com.au/wcsstore/Coles-CAS/images/1/6/1/161597.jpg"],"storeId":"coles","packageSize":"1pack","cupPrice":"$4.38 per 100G","locations":{"VIC":{"price":1.75,"discountRate":20,"promo":"","orgPrice":2.2}},"categoryIds":["c-pantry"],"similarProductIds":[]},{"id":"soothers-liquid-centres-lemon-lime","name":"Medicated Lemon & Lime Liquid Centres Throat Lozenges","brand":"Soothers","imageUrls":["https://shop.coles.com.au/wcsstore/Coles-CAS/images/9/7/0/9702856.jpg"],"storeId":"coles","packageSize":"1 pack","cupPrice":"$4.00 per 100G","locations":{"VIC":{"price":2,"discountRate":9,"promo":"","orgPrice":2.2}},"categoryIds":["c-pantry"],"similarProductIds":[]},{"id":"sothers-immune-stick-3-pack","name":"Immune+ Stick","brand":"Soothers","imageUrls":["https://shop.coles.com.au/wcsstore/Coles-CAS/images/3/7/3/3732050.jpg"],"storeId":"coles","packageSize":"3 pack","cupPrice":"$1.22 per 1Ea","locations":{"VIC":{"price":3.65,"discountRate":15,"promo":"","orgPrice":4.3}},"categoryIds":["c-pantry"],"similarProductIds":[]},{"id":"sothers-immune-stick","name":"Immune+ Stick","brand":"Soothers","imageUrls":["https://shop.coles.com.au/wcsstore/Coles-CAS/images/3/7/3/3732005.jpg"],"storeId":"coles","packageSize":"1 pack","cupPrice":"$4.38 per 100G","locations":{"VIC":{"price":1.75,"discountRate":20,"promo":"","orgPrice":2.2}},"categoryIds":["c-pantry"],"similarProductIds":[]},{"id":"splenda-sweetener-tablets","name":"Sweetener Tablets","brand":"Splenda","imageUrls":["https://shop.coles.com.au/wcsstore/Coles-CAS/images/5/4/6/5464199.jpg"],"storeId":"coles","packageSize":"500 pack","cupPrice":"$0.02 per 1Ea","locations":{"VIC":{"price":10.3,"discountRate":15,"promo":"","orgPrice":12.15}},"categoryIds":["c-pantry"],"similarProductIds":[]},{"id":"starbucks-ndg-capsules-caramel-macchiato","name":"Nescafe Dolce Gusto Capsules Caramel Macchiato","brand":"Starbucks","imageUrls":["https://shop.coles.com.au/wcsstore/Coles-CAS/images/3/7/7/3777127.jpg"],"storeId":"coles","packageSize":"12 pack","cupPrice":"$0.42 per 1Ea","locations":{"VIC":{"price":5,"discountRate":41,"promo":"","orgPrice":8.5}},"categoryIds":["c-pantry","c-drinks"],"similarProductIds":[]},{"id":"starbucks-dark-roast-premium-instant-coffe","name":"Dark Roast Premium Instant Coffee","brand":"Starbucks","imageUrls":["https://shop.coles.com.au/wcsstore/Coles-CAS/images/3/7/7/3771812.jpg"],"storeId":"coles","packageSize":"90g","cupPrice":"$7.78 per 100G","locations":{"VIC":{"price":7,"discountRate":30,"promo":"","orgPrice":9.95}},"categoryIds":["c-pantry","c-drinks"],"similarProductIds":[]},{"id":"starbucks-latte-premium-instant-mixes","name":"Latte Premium Instant Mixes","brand":"Starbucks","imageUrls":["https://shop.coles.com.au/wcsstore/Coles-CAS/images/3/7/7/3771743.jpg"],"storeId":"coles","packageSize":"5 pack","cupPrice":"$0.80 per 1Ea","locations":{"VIC":{"price":4,"discountRate":32,"promo":"","orgPrice":5.9}},"categoryIds":["c-pantry","c-drinks"],"similarProductIds":[]},{"id":"starbucks-espresso-roast-beans","name":"Espresso Roast Beans","brand":"Starbucks","imageUrls":["https://shop.coles.com.au/wcsstore/Coles-CAS/images/3/7/7/3771528.jpg"],"storeId":"coles","packageSize":"200g","cupPrice":"$3.15 per 100G","locations":{"VIC":{"price":6.3,"discountRate":30,"promo":"","orgPrice":9}},"categoryIds":["c-pantry","c-drinks"],"similarProductIds":[]},{"id":"starbucks-ndg-capsules-cappuccino","name":"Nescafe Dolce Gusto Capsules Cappuccino","brand":"Starbucks","imageUrls":["https://shop.coles.com.au/wcsstore/Coles-CAS/images/3/7/7/3777116.jpg"],"storeId":"coles","packageSize":"12 pack","cupPrice":"$0.42 per 1Ea","locations":{"VIC":{"price":5,"discountRate":41,"promo":"","orgPrice":8.5}},"categoryIds":["c-pantry","c-drinks"],"similarProductIds":[]},{"id":"starbucks-ndg-capsules-espresso-roast","name":"Nescafe Dolce Gusto Capsules Espresso Roast","brand":"Starbucks","imageUrls":["https://shop.coles.com.au/wcsstore/Coles-CAS/images/3/7/7/3777105.jpg"],"storeId":"coles","packageSize":"12 pack","cupPrice":"$0.42 per 1Ea","locations":{"VIC":{"price":5,"discountRate":41,"promo":"","orgPrice":8.5}},"categoryIds":["c-pantry","c-drinks"],"similarProductIds":[]},{"id":"starbucks-ndg-capsules-espresso-blonde-roast","name":"Nescafe Dolce Gusto Capsules Espresso Blonde Roast","brand":"Starbucks","imageUrls":["https://shop.coles.com.au/wcsstore/Coles-CAS/images/3/7/7/3777080.jpg"],"storeId":"coles","packageSize":"12 pack","cupPrice":"$0.42 per 1Ea","locations":{"VIC":{"price":5,"discountRate":41,"promo":"","orgPrice":8.5}},"categoryIds":["c-pantry","c-drinks"],"similarProductIds":[]},{"id":"starbucks-cappuccino-premium-instant-mixes","name":"Cappuccino Premium Instant Mixes","brand":"Starbucks","imageUrls":["https://shop.coles.com.au/wcsstore/Coles-CAS/images/3/7/7/3771732.jpg"],"storeId":"coles","packageSize":"5 pack","cupPrice":"$0.80 per 1Ea","locations":{"VIC":{"price":4,"discountRate":32,"promo":"","orgPrice":5.9}},"categoryIds":["c-pantry","c-drinks"],"similarProductIds":[]},{"id":"starbucks-house-blend-ground","name":"House Blend Ground","brand":"Starbucks","imageUrls":["https://shop.coles.com.au/wcsstore/Coles-CAS/images/3/7/7/3771481.jpg"],"storeId":"coles","packageSize":"200g","cupPrice":"$3.15 per 100G","locations":{"VIC":{"price":6.3,"discountRate":30,"promo":"","orgPrice":9}},"categoryIds":["c-pantry","c-drinks"],"similarProductIds":[]},{"id":"sunbeam-sultana-and-cranberry-6-pack","name":"Sultana And Cranberry 6 pack","brand":"Sunbeam","imageUrls":["https://shop.coles.com.au/wcsstore/Coles-CAS/images/1/8/7/1877299.jpg"],"storeId":"coles","packageSize":"234g","cupPrice":"$10.26 per 1Kg","locations":{"VIC":{"price":2.4,"discountRate":0,"promo":"","orgPrice":2.4}},"categoryIds":["c-pantry"],"similarProductIds":[]},{"id":"sunbeam-carrot-apricot-apple-snack","name":"Sunny Bunch Snacks 5 Pack","brand":"Sunbeam","imageUrls":["https://shop.coles.com.au/wcsstore/Coles-CAS/images/3/5/8/3583903.jpg"],"storeId":"coles","packageSize":"150g","cupPrice":"$2.67 per 100G","locations":{"VIC":{"price":4,"discountRate":11,"promo":"","orgPrice":4.5}},"categoryIds":["c-pantry"],"similarProductIds":[]},{"id":"sunbeam-apricto-apple-peach-snack","name":"Sunny Bunch Snacks 5 Pack","brand":"Sunbeam","imageUrls":["https://shop.coles.com.au/wcsstore/Coles-CAS/images/3/5/8/3583980.jpg"],"storeId":"coles","packageSize":"150g","cupPrice":"$2.67 per 100G","locations":{"VIC":{"price":4,"discountRate":11,"promo":"","orgPrice":4.5}},"categoryIds":["c-pantry"],"similarProductIds":[]},{"id":"sunbeam-berry-beetroot-snack","name":"Sunny Bunch Snacks 5 Pack","brand":"Sunbeam","imageUrls":["https://shop.coles.com.au/wcsstore/Coles-CAS/images/3/5/8/3583969.jpg"],"storeId":"coles","packageSize":"150g","cupPrice":"$2.67 per 100G","locations":{"VIC":{"price":4,"discountRate":11,"promo":"","orgPrice":4.5}},"categoryIds":["c-pantry"],"similarProductIds":[]},{"id":"sunny-days-swet-co-jersey-caramel","name":"Jersey Caramel","brand":"Sunny Days Sweet Co","imageUrls":["https://shop.coles.com.au/wcsstore/ColesResponsiveStorefrontAssetStore/dist/ccfc54aed6e361b650bcf0582f7b576b/img/img_product-placeholder.png"],"storeId":"coles","packageSize":"150g","cupPrice":"$1.67 per 100G","locations":{"VIC":{"price":2.5,"discountRate":17,"promo":"","orgPrice":3}},"categoryIds":["c-pantry"],"similarProductIds":[]},{"id":"table-of-plenty-dukkah-pistachio","name":"Dukkah Pistachio Spice Mix","brand":"Table Of Plenty","imageUrls":["https://shop.coles.com.au/wcsstore/Coles-CAS/images/7/1/2/7123086.jpg"],"storeId":"coles","packageSize":"45g","cupPrice":"$0.67 per 10G","locations":{"VIC":{"price":3,"discountRate":17,"promo":"","orgPrice":3.6}},"categoryIds":["c-pantry"],"similarProductIds":[]},{"id":"table-of-plenty-spicy-dukkah","name":"Spicy Dukkah","brand":"Table Of Plenty","imageUrls":["https://shop.coles.com.au/wcsstore/Coles-CAS/images/2/4/7/2472055.jpg"],"storeId":"coles","packageSize":"45g","cupPrice":"$0.67 per 10G","locations":{"VIC":{"price":3,"discountRate":17,"promo":"","orgPrice":3.6}},"categoryIds":["c-pantry"],"similarProductIds":[]},{"id":"table-of-plenty-rosemary-sea-salt-mini-rice-cakes","name":"Rosemary & Sea Salt Mini Rice Cakes","brand":"Table Of Plenty","imageUrls":["https://shop.coles.com.au/wcsstore/Coles-CAS/images/3/7/5/3757877.jpg"],"storeId":"coles","packageSize":"60g","cupPrice":"$3.33 per 100G","locations":{"VIC":{"price":2,"discountRate":38,"promo":"","orgPrice":3.2}},"categoryIds":["c-pantry","c-healthy-living"],"similarProductIds":[]},{"id":"tandaco-coating-mix-seasoned-chicken","name":"Coating Mix For Seasoned Chicken","brand":"Tandaco","imageUrls":["https://shop.coles.com.au/wcsstore/Coles-CAS/images/5/1/3/5134707.jpg"],"storeId":"coles","packageSize":"75g","cupPrice":"$2.40 per 100G","locations":{"VIC":{"price":1.8,"discountRate":10,"promo":"","orgPrice":2}},"categoryIds":["c-pantry"],"similarProductIds":[]},{"id":"tandaco-coating-mix-southern-fried-chicken","name":"Southern Fried Chicken Coating Mix","brand":"Tandaco","imageUrls":["https://shop.coles.com.au/wcsstore/Coles-CAS/images/5/1/3/5134682.jpg"],"storeId":"coles","packageSize":"75g","cupPrice":"$2.40 per 100G","locations":{"VIC":{"price":1.8,"discountRate":10,"promo":"","orgPrice":2}},"categoryIds":["c-pantry"],"similarProductIds":[]},{"id":"tandaco-coating-mix-seasoned-fish","name":"Seasoned Fish Coating Mix","brand":"Tandaco","imageUrls":["https://shop.coles.com.au/wcsstore/Coles-CAS/images/5/1/3/5134693.jpg"],"storeId":"coles","packageSize":"75g","cupPrice":"$2.40 per 100G","locations":{"VIC":{"price":1.8,"discountRate":10,"promo":"","orgPrice":2}},"categoryIds":["c-pantry"],"similarProductIds":[]},{"id":"tandaco-coating-mix-salt-and-pepper","name":"Salt And Pepper Coating Mix","brand":"Tandaco","imageUrls":["https://shop.coles.com.au/wcsstore/Coles-CAS/images/1/4/3/1433171.jpg"],"storeId":"coles","packageSize":"75g","cupPrice":"$2.40 per 100G","locations":{"VIC":{"price":1.8,"discountRate":10,"promo":"","orgPrice":2}},"categoryIds":["c-pantry"],"similarProductIds":[]},{"id":"tetley-green-natural-tea-bags","name":"Natural Green Tea Bags 50 pack","brand":"Tetley","imageUrls":["https://shop.coles.com.au/wcsstore/Coles-CAS/images/6/0/5/6058900.jpg"],"storeId":"coles","packageSize":"60g","cupPrice":"$5.75 per 100G","locations":{"VIC":{"price":3.45,"discountRate":16,"promo":"","orgPrice":4.1000000000000005}},"categoryIds":["c-pantry","c-drinks"],"similarProductIds":[]},{"id":"tetley-cold-infusions-orange-peach","name":"Cold Infusions Orange & Peach","brand":"Tetley","imageUrls":["https://shop.coles.com.au/wcsstore/Coles-CAS/images/3/7/1/3712008.jpg"],"storeId":"coles","packageSize":"14 pack","cupPrice":"$0.29 per 1Ea","locations":{"VIC":{"price":4,"discountRate":20,"promo":"","orgPrice":5}},"categoryIds":["c-pantry","c-drinks"],"similarProductIds":[]},{"id":"tetley-cold-infusions-raspberry-cranberry","name":"Cold Infusions Raspberry & Cranberry","brand":"Tetley","imageUrls":["https://shop.coles.com.au/wcsstore/Coles-CAS/images/3/7/1/3711989.jpg"],"storeId":"coles","packageSize":"14 pack","cupPrice":"$0.29 per 1Ea","locations":{"VIC":{"price":4,"discountRate":20,"promo":"","orgPrice":5}},"categoryIds":["c-pantry","c-drinks"],"similarProductIds":[]},{"id":"tetley-cold-infusions-strawberry-watermelon","name":"Cold Infusions Strawberry & Watermelon","brand":"Tetley","imageUrls":["https://shop.coles.com.au/wcsstore/Coles-CAS/images/3/7/1/3711990.jpg"],"storeId":"coles","packageSize":"14 pack","cupPrice":"$0.29 per 1Ea","locations":{"VIC":{"price":4,"discountRate":20,"promo":"","orgPrice":5}},"categoryIds":["c-pantry","c-drinks"],"similarProductIds":[]},{"id":"tetley-cold-infusions-mint-lemon-cucumber","name":"Cold Infusions Mint Lemon & Cucumber","brand":"Tetley","imageUrls":["https://shop.coles.com.au/wcsstore/Coles-CAS/images/3/7/1/3711978.jpg"],"storeId":"coles","packageSize":"14 pack","cupPrice":"$0.29 per 1Ea","locations":{"VIC":{"price":4,"discountRate":20,"promo":"","orgPrice":5}},"categoryIds":["c-pantry","c-drinks"],"similarProductIds":[]},{"id":"the-bar-counter-no-added-sugar-dark-chocolate-cherry","name":"Chocolate Brownie Espresso Energy Bar","brand":"The Bar Counter","imageUrls":["https://shop.coles.com.au/wcsstore/Coles-CAS/images/1/7/5/1751392.jpg"],"storeId":"coles","packageSize":"","cupPrice":"","locations":{"VIC":{"price":2.5,"discountRate":20,"promo":"Any 2 $4","orgPrice":2.5}},"categoryIds":["c-pantry","c-healthy-living"],"similarProductIds":[]},{"id":"the-bar-counter-no-added-sugar-blueberry-almond-white-chocolate","name":"Matcha Mint White Chocolate Energy Bar","brand":"The Bar Counter","imageUrls":["https://shop.coles.com.au/wcsstore/Coles-CAS/images/1/7/5/1751381.jpg"],"storeId":"coles","packageSize":"","cupPrice":"","locations":{"VIC":{"price":2.5,"discountRate":20,"promo":"Any 2 $4","orgPrice":2.5}},"categoryIds":["c-pantry","c-healthy-living"],"similarProductIds":[]},{"id":"the-bar-counter-no-added-sugar-salted-caramel-banana-bar","name":"No Added Sugar Salted Caramel & Banana Bar","brand":"The Bar Counter","imageUrls":["https://shop.coles.com.au/wcsstore/Coles-CAS/images/1/9/9/1994678.jpg"],"storeId":"coles","packageSize":"40g","cupPrice":"$6.25 per 100G","locations":{"VIC":{"price":2.5,"discountRate":20,"promo":"Any 2 $4","orgPrice":2.5}},"categoryIds":["c-pantry","c-healthy-living"],"similarProductIds":[]},{"id":"the-bar-counter-high-protein-chocolate-mint-bar","name":"High Protein Chocolate Mint Bar","brand":"The Bar Counter","imageUrls":["https://shop.coles.com.au/wcsstore/Coles-CAS/images/1/9/9/1995229.jpg"],"storeId":"coles","packageSize":"40g","cupPrice":"$6.25 per 100G","locations":{"VIC":{"price":2.5,"discountRate":20,"promo":"Any 2 $4","orgPrice":2.5}},"categoryIds":["c-pantry","c-healthy-living"],"similarProductIds":[]},{"id":"the-bar-counter-salted-caramel-chocolate-crunch","name":"Salted Caramel & Chocolate Crunch","brand":"The Bar Counter","imageUrls":["https://shop.coles.com.au/wcsstore/Coles-CAS/images/2/2/8/2289321.jpg"],"storeId":"coles","packageSize":"40g","cupPrice":"$7.50 per 100G","locations":{"VIC":{"price":3,"discountRate":33,"promo":"Any 2 $4","orgPrice":3}},"categoryIds":["c-pantry","c-healthy-living"],"similarProductIds":[]},{"id":"the-bar-counter-plant-pro-dark-chocolate-coconut","name":"Plant Protein Dark Chocolate Coconut","brand":"The Bar Counter","imageUrls":["https://shop.coles.com.au/wcsstore/Coles-CAS/images/3/6/2/3620486.jpg"],"storeId":"coles","packageSize":"40g","cupPrice":"$6.25 per 100G","locations":{"VIC":{"price":2.5,"discountRate":20,"promo":"Any 2 $4","orgPrice":2.5}},"categoryIds":["c-pantry","c-healthy-living"],"similarProductIds":[]},{"id":"the-bar-counter-plant-pro-blueberry-nut-slice","name":"Plant Protein Blueberry & Nut Slice","brand":"The Bar Counter","imageUrls":["https://shop.coles.com.au/wcsstore/Coles-CAS/images/3/6/2/3620475.jpg"],"storeId":"coles","packageSize":"40g","cupPrice":"$6.25 per 100G","locations":{"VIC":{"price":2.5,"discountRate":20,"promo":"Any 2 $4","orgPrice":2.5}},"categoryIds":["c-pantry","c-healthy-living"],"similarProductIds":[]},{"id":"the-sosoft-marshmallow-co-marshmallow-twists","name":"Twists Ultra Puffy Marshmallow","brand":"The So Soft Marshmallow Co","imageUrls":["https://shop.coles.com.au/wcsstore/Coles-CAS/images/3/4/4/3449900.jpg"],"storeId":"coles","packageSize":"300g","cupPrice":"$0.83 per 100G","locations":{"VIC":{"price":2.5,"discountRate":29,"promo":"","orgPrice":3.5}},"categoryIds":["c-pantry"],"similarProductIds":[]},{"id":"the-spice-tailor-thai-red-curry-3735841p","name":"Thai Red Curry","brand":"The Spice Tailor","imageUrls":["https://shop.coles.com.au/wcsstore/Coles-CAS/images/3/7/3/3735841.jpg"],"storeId":"coles","packageSize":"275g","cupPrice":"$1.82 per 100G","locations":{"VIC":{"price":5,"discountRate":17,"promo":"","orgPrice":6}},"categoryIds":["c-pantry","c-international-foods"],"similarProductIds":[]},{"id":"ti-ora-herbal-infu-cmile-lemon-honey-teabags","name":"Camomile With Lemon Honey & Manuka Leaf Herbal Infusion Teabags 15 pack","brand":"Ti Ora","imageUrls":["https://shop.coles.com.au/wcsstore/Coles-CAS/images/3/4/5/3455517.jpg"],"storeId":"coles","packageSize":"19.5g","cupPrice":"$0.27 per 1Ea","locations":{"VIC":{"price":4,"discountRate":33,"promo":"","orgPrice":6}},"categoryIds":["c-pantry","c-drinks"],"similarProductIds":[]},{"id":"ti-ora-herbal-infusion-pepmint-sprmint-teabag","name":"Peppermint With Spearmint & Kawakawa Herbal Infusion Teabag 15 pack","brand":"Ti Ora","imageUrls":["https://shop.coles.com.au/wcsstore/Coles-CAS/images/3/4/5/3452585.jpg"],"storeId":"coles","packageSize":"16.5g","cupPrice":"$0.27 per 1Ea","locations":{"VIC":{"price":4,"discountRate":33,"promo":"","orgPrice":6}},"categoryIds":["c-pantry","c-drinks"],"similarProductIds":[]},{"id":"ti-ora-green-tea-ginger-lemongrass-teabags","name":"Green Tea With Ginger Lemongrass & Kawakawa 15 Tea Bags","brand":"Ti Ora","imageUrls":["https://shop.coles.com.au/wcsstore/Coles-CAS/images/3/4/5/3452563.jpg"],"storeId":"coles","packageSize":"27g","cupPrice":"$1.48 per 10G","locations":{"VIC":{"price":4,"discountRate":33,"promo":"","orgPrice":6}},"categoryIds":["c-pantry","c-drinks"],"similarProductIds":[]},{"id":"ti-ora-green-tea-peach-passionfruit-teabags","name":"Green Tea With Peach & Passionfruit Kawakawa 15 Teabags","brand":"Ti Ora","imageUrls":["https://shop.coles.com.au/wcsstore/Coles-CAS/images/3/4/5/3452552.jpg"],"storeId":"coles","packageSize":"33g","cupPrice":"$0.27 per 1Ea","locations":{"VIC":{"price":4,"discountRate":33,"promo":"","orgPrice":6}},"categoryIds":["c-pantry","c-drinks"],"similarProductIds":[]},{"id":"ti-ora-gren-tea-pomegrnt-strawberry-w-kawakawa","name":"Green Tea Pomegranate & Strawberry With Kawakawa","brand":"Ti Ora","imageUrls":["https://shop.coles.com.au/wcsstore/Coles-CAS/images/3/7/0/3702106.jpg"],"storeId":"coles","packageSize":"15 pack","cupPrice":"$0.27 per 1Ea","locations":{"VIC":{"price":4,"discountRate":33,"promo":"","orgPrice":6}},"categoryIds":["c-pantry","c-drinks"],"similarProductIds":[]},{"id":"tic-tac-orange-5666717p","name":"Orange","brand":"Tic Tac","imageUrls":["https://shop.coles.com.au/wcsstore/Coles-CAS/images/5/6/6/5666717.jpg"],"storeId":"coles","packageSize":"24g","cupPrice":"$6.25 per 100G","locations":{"VIC":{"price":1.5,"discountRate":17,"promo":"","orgPrice":1.8}},"categoryIds":["c-pantry"],"similarProductIds":[]},{"id":"tic-tac-x-freze-mints-spearmint","name":"X-Freeze Mints Spearmint","brand":"Tic Tac","imageUrls":["https://shop.coles.com.au/wcsstore/Coles-CAS/images/3/7/3/3733154.jpg"],"storeId":"coles","packageSize":"16.5g","cupPrice":"$9.09 per 100G","locations":{"VIC":{"price":1.5,"discountRate":25,"promo":"","orgPrice":2}},"categoryIds":["c-pantry"],"similarProductIds":[]},{"id":"toblerone-milk-chocolate-5172284p","name":"Milk Chocolate Bar","brand":"Toblerone","imageUrls":["https://shop.coles.com.au/wcsstore/Coles-CAS/images/5/1/7/5172284.jpg"],"storeId":"coles","packageSize":"50g","cupPrice":"$1.70 per 100G","locations":{"VIC":{"price":0.85,"discountRate":58,"promo":"","orgPrice":2}},"categoryIds":["c-pantry"],"similarProductIds":[]},{"id":"tom-luke-snackballs-dark-choc-mint","name":"Snackaballs Dark Choc Mint","brand":"Tom & Luke","imageUrls":["https://shop.coles.com.au/wcsstore/Coles-CAS/images/3/7/5/3758064.jpg"],"storeId":"coles","packageSize":"132g","cupPrice":"$3.03 per 100G","locations":{"VIC":{"price":4,"discountRate":20,"promo":"","orgPrice":5}},"categoryIds":["c-pantry","c-healthy-living"],"similarProductIds":[]},{"id":"twinings-tea-bags-gren-tea-jasmine","name":"Green Tea & Jasmine Tea Bags","brand":"Twining's","imageUrls":["https://shop.coles.com.au/wcsstore/Coles-CAS/images/3/7/0/3708780.jpg"],"storeId":"coles","packageSize":"10 pack","cupPrice":"$0.20 per 1Ea","locations":{"VIC":{"price":2,"discountRate":26,"promo":"","orgPrice":2.7}},"categoryIds":["c-pantry","c-drinks"],"similarProductIds":[]},{"id":"twinings-tea-bags-mango-strawberry","name":"Mango & Strawberry Tea Bags","brand":"Twining's","imageUrls":["https://shop.coles.com.au/wcsstore/Coles-CAS/images/3/7/0/3708769.jpg"],"storeId":"coles","packageSize":"10 pack","cupPrice":"$0.20 per 1Ea","locations":{"VIC":{"price":2,"discountRate":26,"promo":"","orgPrice":2.7}},"categoryIds":["c-pantry","c-drinks"],"similarProductIds":[]},{"id":"twinings-tea-bags-australian-afternoon","name":"Australian Afternoon Tea Bags 10 pack","brand":"Twinings","imageUrls":["https://shop.coles.com.au/wcsstore/Coles-CAS/images/8/9/3/8930323.jpg"],"storeId":"coles","packageSize":"20g","cupPrice":"$10.00 per 100G","locations":{"VIC":{"price":2,"discountRate":26,"promo":"","orgPrice":2.7}},"categoryIds":["c-pantry","c-drinks"],"similarProductIds":[]},{"id":"twinings-tea-bags-java-green","name":"Pure Green Tea Bags 10 pack","brand":"Twinings","imageUrls":["https://shop.coles.com.au/wcsstore/Coles-CAS/images/7/1/2/7127440.jpg"],"storeId":"coles","packageSize":"15g","cupPrice":"$13.33 per 100G","locations":{"VIC":{"price":2,"discountRate":26,"promo":"","orgPrice":2.7}},"categoryIds":["c-pantry","c-drinks"],"similarProductIds":[]},{"id":"twinings-classics-tea-bags-lady-grey","name":"Classics Lady Grey Tea Bags 10 Pack","brand":"Twinings","imageUrls":["https://shop.coles.com.au/wcsstore/Coles-CAS/images/5/9/8/5984257.jpg"],"storeId":"coles","packageSize":"20g","cupPrice":"$10.00 per 100G","locations":{"VIC":{"price":2,"discountRate":26,"promo":"","orgPrice":2.7}},"categoryIds":["c-pantry","c-drinks"],"similarProductIds":[]},{"id":"twinings-tea-bags-green-tea-lemon","name":"Lemon Flavour Green Tea Bags 10 Pack","brand":"Twinings","imageUrls":["https://shop.coles.com.au/wcsstore/Coles-CAS/images/4/7/6/4760120.jpg"],"storeId":"coles","packageSize":"20g","cupPrice":"$10.00 per 100G","locations":{"VIC":{"price":2,"discountRate":26,"promo":"","orgPrice":2.7}},"categoryIds":["c-pantry","c-drinks"],"similarProductIds":[]},{"id":"twinings-english-breakfast-extra-strong","name":"English Breakfast Extra Strong Tea Bags 10 pack","brand":"Twinings","imageUrls":["https://shop.coles.com.au/wcsstore/Coles-CAS/images/2/2/3/2237190.jpg"],"storeId":"coles","packageSize":"25g","cupPrice":"$8.00 per 100G","locations":{"VIC":{"price":2,"discountRate":26,"promo":"","orgPrice":2.7}},"categoryIds":["c-pantry","c-drinks"],"similarProductIds":[]},{"id":"twinings-tea-bags-darjeling","name":"Tea Bags Darjeeling","brand":"Twinings","imageUrls":["https://shop.coles.com.au/wcsstore/Coles-CAS/images/3/4/1/341806.jpg"],"storeId":"coles","packageSize":"10 pack","cupPrice":"$0.20 per 1Ea","locations":{"VIC":{"price":2,"discountRate":26,"promo":"","orgPrice":2.7}},"categoryIds":["c-pantry","c-drinks"],"similarProductIds":[]},{"id":"ut-nutritious-snacks-oat-slice-apple-cinna","name":"Oat Slice Apple & Cinnamon","brand":"Uncle Toby's","imageUrls":["https://shop.coles.com.au/wcsstore/Coles-CAS/images/3/7/8/3788338.jpg"],"storeId":"coles","packageSize":"140g","cupPrice":"$2.50 per 100G","locations":{"VIC":{"price":3.5,"discountRate":36,"promo":"","orgPrice":5.5}},"categoryIds":["c-pantry"],"similarProductIds":[]},{"id":"ut-nutritious-snacks-oat-slice-chocolate-chip","name":"Nutritious Snacks Oat Slice Chocolate Chip","brand":"Uncle Toby's","imageUrls":["https://shop.coles.com.au/wcsstore/ColesResponsiveStorefrontAssetStore/dist/ccfc54aed6e361b650bcf0582f7b576b/img/img_product-placeholder.png"],"storeId":"coles","packageSize":"140g","cupPrice":"$2.50 per 100G","locations":{"VIC":{"price":3.5,"discountRate":36,"promo":"","orgPrice":5.5}},"categoryIds":["c-pantry"],"similarProductIds":[]},{"id":"ut-nutritious-snacks-oat-slice-peanut-butter","name":"Nutritious Snacks Oat Slice Peanut Butter","brand":"Uncle Toby's","imageUrls":["https://shop.coles.com.au/wcsstore/ColesResponsiveStorefrontAssetStore/dist/ccfc54aed6e361b650bcf0582f7b576b/img/img_product-placeholder.png"],"storeId":"coles","packageSize":"140g","cupPrice":"$2.50 per 100G","locations":{"VIC":{"price":3.5,"discountRate":36,"promo":"","orgPrice":5.5}},"categoryIds":["c-pantry"],"similarProductIds":[]},{"id":"uncle-tobys-oats-super-blends-cranberry-chia","name":"Super Blends Protein Oats Rye & Barley With Cranberry & Chia","brand":"Uncle Tobys","imageUrls":["https://shop.coles.com.au/wcsstore/Coles-CAS/images/3/4/3/3433117.jpg"],"storeId":"coles","packageSize":"368g","cupPrice":"$1.36 per 100G","locations":{"VIC":{"price":5,"discountRate":28,"promo":"","orgPrice":6.95}},"categoryIds":["c-pantry"],"similarProductIds":[]},{"id":"uncle-tobys-mango-vanilla-chia","name":"Mango Vanilla & Chia Bars 5pack","brand":"Uncle Tobys","imageUrls":["https://shop.coles.com.au/wcsstore/Coles-CAS/images/3/5/8/3584757.jpg"],"storeId":"coles","packageSize":"175g","cupPrice":"$1.71 per 100G","locations":{"VIC":{"price":3,"discountRate":40,"promo":"","orgPrice":5}},"categoryIds":["c-pantry"],"similarProductIds":[]},{"id":"uncle-tobys-blueberry-grains-seeds","name":"Blueberry & Ancient Grain Bars 5 pack","brand":"Uncle Tobys","imageUrls":["https://shop.coles.com.au/wcsstore/Coles-CAS/images/3/5/8/3584735.jpg"],"storeId":"coles","packageSize":"175g","cupPrice":"$1.71 per 100G","locations":{"VIC":{"price":3,"discountRate":40,"promo":"","orgPrice":5}},"categoryIds":["c-pantry"],"similarProductIds":[]},{"id":"violet-crumble-dark-bar","name":"Dark Bar","brand":"Violet Crumble","imageUrls":["https://shop.coles.com.au/wcsstore/Coles-CAS/images/3/7/6/3767724.jpg"],"storeId":"coles","packageSize":"50g","cupPrice":"$0.40 per 10G","locations":{"VIC":{"price":2,"discountRate":25,"promo":"Any 2 $3","orgPrice":2}},"categoryIds":["c-pantry"],"similarProductIds":[]},{"id":"espressotoria-vittoria-oro-capsules-12-pack","name":"Espressotoria Oro Coffee Capsules 12 pack","brand":"Vittoria","imageUrls":["https://shop.coles.com.au/wcsstore/Coles-CAS/images/2/2/7/2279882.jpg"],"storeId":"coles","packageSize":"78g","cupPrice":"$8.08 per 100G","locations":{"VIC":{"price":6.3,"discountRate":30,"promo":"","orgPrice":9}},"categoryIds":["c-pantry","c-drinks"],"similarProductIds":[]},{"id":"wrigleys-extra-active-multipack-spearmint-gum","name":"Extra Active Sugar Free Spearmint Chewing Gum 2 x 14 Piece Pack","brand":"Wrigley's","imageUrls":["https://shop.coles.com.au/wcsstore/Coles-CAS/images/8/6/6/8664922.jpg"],"storeId":"coles","packageSize":"54g","cupPrice":"$6.48 per 100G","locations":{"VIC":{"price":3.5,"discountRate":17,"promo":"","orgPrice":4.2}},"categoryIds":["c-pantry"],"similarProductIds":[]},{"id":"wrigleys-extra-white-lemon-lime","name":"Extra White Sugar Free Lemon Lime Chewing Gum 4 x 10 Piece Pack","brand":"Wrigley's","imageUrls":["https://shop.coles.com.au/wcsstore/Coles-CAS/images/7/5/8/7585875.jpg"],"storeId":"coles","packageSize":"56g","cupPrice":"$5.00 per 100G","locations":{"VIC":{"price":2.8,"discountRate":20,"promo":"","orgPrice":3.5}},"categoryIds":["c-pantry"],"similarProductIds":[]},{"id":"wrigleys-juicy-fruit-chewing-gum","name":"Juicy Fruit Chewing Gum 5 x 10 Piece Pack","brand":"Wrigley's","imageUrls":["https://shop.coles.com.au/wcsstore/Coles-CAS/images/4/1/7/417067.jpg"],"storeId":"coles","packageSize":"70g","cupPrice":"$4.00 per 100G","locations":{"VIC":{"price":2.8,"discountRate":20,"promo":"","orgPrice":3.5}},"categoryIds":["c-pantry"],"similarProductIds":[]},{"id":"wrigleys-extra-chewing-gum-white","name":"Extra White Sugar Free Chewing Gum 4x10 Pieces Pack","brand":"Wrigley's","imageUrls":["https://shop.coles.com.au/wcsstore/Coles-CAS/images/8/7/5/8752316.jpg"],"storeId":"coles","packageSize":"56g","cupPrice":"$5.00 per 100G","locations":{"VIC":{"price":2.8,"discountRate":20,"promo":"","orgPrice":3.5}},"categoryIds":["c-pantry"],"similarProductIds":[]},{"id":"wrigleys-extra-bubblemint-gum-4-pack","name":"Extra White Sugar Free Bubblemint Chewing Gum  4 x 10 Piece Pack","brand":"Wrigley's","imageUrls":["https://shop.coles.com.au/wcsstore/Coles-CAS/images/2/2/2/2229192.jpg"],"storeId":"coles","packageSize":"56g","cupPrice":"$5.00 per 100G","locations":{"VIC":{"price":2.8,"discountRate":20,"promo":"","orgPrice":3.5}},"categoryIds":["c-pantry"],"similarProductIds":[]},{"id":"extra-chewing-gum-spearmint-10-piece-4-pack","name":"Extra Spearmint Sugar Free Chewing Gum 4 x 10 Piece Pack","brand":"Wrigley's","imageUrls":["https://shop.coles.com.au/wcsstore/Coles-CAS/images/2/6/5/2655135.jpg"],"storeId":"coles","packageSize":"56g","cupPrice":"$5.00 per 100G","locations":{"VIC":{"price":2.8,"discountRate":20,"promo":"","orgPrice":3.5}},"categoryIds":["c-pantry"],"similarProductIds":[]},{"id":"birds-eye-oven-bake-original-crumb-frozen-fish-fillets","name":"Frozen Fish Fillets With Original Crumb Oven Bake 14 Pieces","brand":"Birds Eye","imageUrls":["https://shop.coles.com.au/wcsstore/Coles-CAS/images/2/3/5/2359573.jpg"],"storeId":"coles","packageSize":"1kg","cupPrice":"$12.50 per 1Kg","locations":{"VIC":{"price":12.5,"discountRate":20,"promo":"","orgPrice":15.7}},"categoryIds":["c-frozen"],"similarProductIds":[]},{"id":"i-j-basa-fillets","name":"The Finest Frozen Basa Fillets","brand":"I&J","imageUrls":["https://shop.coles.com.au/wcsstore/Coles-CAS/images/3/5/8/3580100.jpg"],"storeId":"coles","packageSize":"1kg","cupPrice":"$7.00 per 1Kg","locations":{"VIC":{"price":7,"discountRate":22,"promo":"","orgPrice":9}},"categoryIds":["c-frozen"],"similarProductIds":[]},{"id":"connoisseur-australian-pint-flav-bush-honey","name":"Bush Honey & Nougat Gourmet Ice Cream Tub","brand":"Connoisseur","imageUrls":["https://shop.coles.com.au/wcsstore/Coles-CAS/images/3/5/4/3544446.jpg"],"storeId":"coles","packageSize":"470mL","cupPrice":"$1.06 per 100mL","locations":{"VIC":{"price":5,"discountRate":50,"promo":"","orgPrice":10}},"categoryIds":["c-frozen"],"similarProductIds":[]},{"id":"peters-connoisseur-derwent-valley-raspberry-white-ice-cream","name":"Derwent Valley Raspberry With White Gourmet Ice Cream Tub","brand":"Connoisseur","imageUrls":["https://shop.coles.com.au/wcsstore/Coles-CAS/images/2/4/4/2442735.jpg"],"storeId":"coles","packageSize":"1L","cupPrice":"$0.75 per 100mL","locations":{"VIC":{"price":7.5,"discountRate":32,"promo":"","orgPrice":11}},"categoryIds":["c-frozen"],"similarProductIds":[]},{"id":"i-j-salmon-skin-on","name":"The Finest Frozen Salmon Portions Skin On","brand":"I&J","imageUrls":["https://shop.coles.com.au/wcsstore/Coles-CAS/images/3/5/8/3580213.jpg"],"storeId":"coles","packageSize":"500g","cupPrice":"$28.00 per 1Kg","locations":{"VIC":{"price":14,"discountRate":22,"promo":"","orgPrice":18}},"categoryIds":["c-frozen"],"similarProductIds":[]},{"id":"kailis-bros-kb-prawn-gyoza","name":"Frozen Prawn Gyoza","brand":"KB","imageUrls":["https://shop.coles.com.au/wcsstore/Coles-CAS/images/1/5/4/1548719.jpg"],"storeId":"coles","packageSize":"750g","cupPrice":"$1.81 per 100G","locations":{"VIC":{"price":13.6,"discountRate":20,"promo":"","orgPrice":17}},"categoryIds":["c-frozen"],"similarProductIds":[]},{"id":"annabel-karmel-frozen-bolognese-pasta-bake","name":"Frozen Bolognese Pasta Bake 1to4 years","brand":"Annabel Karmel","imageUrls":["https://shop.coles.com.au/wcsstore/Coles-CAS/images/2/3/1/2313244.jpg"],"storeId":"coles","packageSize":"200g","cupPrice":"$1.50 per 100G","locations":{"VIC":{"price":3,"discountRate":25,"promo":"","orgPrice":4}},"categoryIds":["c-frozen","c-baby"],"similarProductIds":[]},{"id":"serious-organic-frozen-raspberries","name":"Frozen Raspberries","brand":"Serious Organic","imageUrls":["https://shop.coles.com.au/wcsstore/Coles-CAS/images/3/7/1/3717715.jpg"],"storeId":"coles","packageSize":"250g","cupPrice":"$2.40 per 100G","locations":{"VIC":{"price":6,"discountRate":17,"promo":"Any 2 $10","orgPrice":6}},"categoryIds":["c-frozen"],"similarProductIds":[]},{"id":"annabel-karmel-frozen-vegie-pasta-bake","name":"Frozen Veggie Pasta Bake 1to4 years","brand":"Annabel Karmel","imageUrls":["https://shop.coles.com.au/wcsstore/Coles-CAS/images/2/3/1/2313357.jpg"],"storeId":"coles","packageSize":"200g","cupPrice":"$1.50 per 100G","locations":{"VIC":{"price":3,"discountRate":25,"promo":"","orgPrice":4}},"categoryIds":["c-frozen","c-baby"],"similarProductIds":[]},{"id":"i-j-salmon-skin-off","name":"The Finest Frozen Salmon Portions Skin Off","brand":"I&J","imageUrls":["https://shop.coles.com.au/wcsstore/Coles-CAS/images/3/5/8/3580246.jpg"],"storeId":"coles","packageSize":"500g","cupPrice":"$28.00 per 1Kg","locations":{"VIC":{"price":14,"discountRate":22,"promo":"","orgPrice":18}},"categoryIds":["c-frozen"],"similarProductIds":[]},{"id":"serious-organic-mixed-berries","name":"Mixed Berries","brand":"Serious Organic","imageUrls":["https://shop.coles.com.au/wcsstore/Coles-CAS/images/3/7/1/3717748.jpg"],"storeId":"coles","packageSize":"250g","cupPrice":"$2.40 per 100G","locations":{"VIC":{"price":6,"discountRate":17,"promo":"Any 2 $10","orgPrice":6}},"categoryIds":["c-frozen"],"similarProductIds":[]},{"id":"annabel-karmel-frozen-spaghetti-meatballs","name":"Frozen Spaghetti & Meatballs 1to4 years","brand":"Annabel Karmel","imageUrls":["https://shop.coles.com.au/wcsstore/Coles-CAS/images/2/3/1/2313335.jpg"],"storeId":"coles","packageSize":"200g","cupPrice":"$1.50 per 100G","locations":{"VIC":{"price":3,"discountRate":25,"promo":"","orgPrice":4}},"categoryIds":["c-frozen","c-baby"],"similarProductIds":[]},{"id":"annabel-karmel-butter-chicken","name":"Frozen Mild Butter Chicken & Rice 1to4 Years","brand":"Annabel Karmel","imageUrls":["https://shop.coles.com.au/wcsstore/Coles-CAS/images/2/8/2/2821915.jpg"],"storeId":"coles","packageSize":"200g","cupPrice":"$1.50 per 100G","locations":{"VIC":{"price":3,"discountRate":25,"promo":"","orgPrice":4}},"categoryIds":["c-frozen","c-baby"],"similarProductIds":[]},{"id":"edgell-rolls-chiko-4-pack-frozen","name":"Frozen Original Rolls 4 pack","brand":"Chiko","imageUrls":["https://shop.coles.com.au/wcsstore/Coles-CAS/images/6/9/7/6970032.jpg"],"storeId":"coles","packageSize":"650g","cupPrice":"$0.62 per 100G","locations":{"VIC":{"price":4,"discountRate":25,"promo":"","orgPrice":5.35}},"categoryIds":["c-frozen"],"similarProductIds":[]},{"id":"hong-kong-dim-sim-kitchen-bbq-pork-buns","name":"Frozen BBQ Pork Buns 6 Pieces","brand":"Hong Kong Dim Sim Kitchen","imageUrls":["https://shop.coles.com.au/wcsstore/Coles-CAS/images/2/3/5/2356688.jpg"],"storeId":"coles","packageSize":"200g","cupPrice":"$1.25 per 100G","locations":{"VIC":{"price":2.5,"discountRate":50,"promo":"","orgPrice":5}},"categoryIds":["c-frozen"],"similarProductIds":[]},{"id":"i-j-flathead-fillets","name":"The Finest Frozen South Atlantic Flathead Fillets","brand":"I&J","imageUrls":["https://shop.coles.com.au/wcsstore/Coles-CAS/images/3/5/8/3580122.jpg"],"storeId":"coles","packageSize":"500g","cupPrice":"$14.00 per 1Kg","locations":{"VIC":{"price":7,"discountRate":22,"promo":"","orgPrice":9}},"categoryIds":["c-frozen"],"similarProductIds":[]},{"id":"i-j-tuna-portions","name":"The Finest Frozen Tuna Portions","brand":"I&J","imageUrls":["https://shop.coles.com.au/wcsstore/Coles-CAS/images/3/5/8/3580111.jpg"],"storeId":"coles","packageSize":"500g","cupPrice":"$20.00 per 1Kg","locations":{"VIC":{"price":10,"discountRate":20,"promo":"","orgPrice":12.5}},"categoryIds":["c-frozen"],"similarProductIds":[]},{"id":"kailis-bros-vegetable-gyoza","name":"Frozen Vegetable Gyoza","brand":"KB","imageUrls":["https://shop.coles.com.au/wcsstore/Coles-CAS/images/2/8/1/2815151.jpg"],"storeId":"coles","packageSize":"750g","cupPrice":"$1.81 per 100G","locations":{"VIC":{"price":13.6,"discountRate":20,"promo":"","orgPrice":17}},"categoryIds":["c-frozen"],"similarProductIds":[]},{"id":"peters-connoisseur-ice-cream-strawberry","name":"Connoisseur Strawberry Ice Cream","brand":"Peters","imageUrls":["https://shop.coles.com.au/wcsstore/Coles-CAS/images/3/7/1/3716508.jpg"],"storeId":"coles","packageSize":"1L","cupPrice":"$0.75 per 100mL","locations":{"VIC":{"price":7.5,"discountRate":32,"promo":"","orgPrice":11}},"categoryIds":["c-frozen"],"similarProductIds":[]},{"id":"peters-drumstick-messina-vegan-vanilla-choc-almond","name":"Drumstick Vegan Vanilla Choc Almond 4 Pack","brand":"Peters","imageUrls":["https://shop.coles.com.au/wcsstore/Coles-CAS/images/3/7/1/3717169.jpg"],"storeId":"coles","packageSize":"475mL","cupPrice":"$1.26 per 100mL","locations":{"VIC":{"price":6,"discountRate":40,"promo":"","orgPrice":10}},"categoryIds":["c-frozen"],"similarProductIds":[]},{"id":"birds-eye-salmon-atlantic--fillets-lemon-frozen","name":"Frozen Atlantic Salmon Fillets With Lemon Pepper 2 pack","brand":"Birds Eye","imageUrls":["https://shop.coles.com.au/wcsstore/Coles-CAS/images/9/4/6/9461476.jpg"],"storeId":"coles","packageSize":"270g","cupPrice":"$37.04 per 1Kg","locations":{"VIC":{"price":10,"discountRate":20,"promo":"","orgPrice":12.5}},"categoryIds":["c-frozen"],"similarProductIds":[]},{"id":"halo-top-dairy-free-choc-chip-cookie-dough-3406103p","name":"Chocolate Chip Cookie Dough Ice Cream Tub","brand":"Halo Top","imageUrls":["https://shop.coles.com.au/wcsstore/Coles-CAS/images/3/4/0/3406103.jpg"],"storeId":"coles","packageSize":"473mL","cupPrice":"$1.48 per 100mL","locations":{"VIC":{"price":7,"discountRate":22,"promo":"","orgPrice":9}},"categoryIds":["c-frozen"],"similarProductIds":[]},{"id":"nanna-s-vegan-friendly-phubarb-apple-snck-pies","name":"Rhubarb & Apple Snack Pies","brand":"Nanna's","imageUrls":["https://shop.coles.com.au/wcsstore/Coles-CAS/images/3/7/1/3715516.jpg"],"storeId":"coles","packageSize":"225g","cupPrice":"$1.33 per 100G","locations":{"VIC":{"price":3,"discountRate":25,"promo":"","orgPrice":4}},"categoryIds":["c-frozen"],"similarProductIds":[]},{"id":"pacific-west-banquet-asian-mega-value-pack-frozen","name":"Frozen Asian Banquet 64 pack","brand":"Pacific West","imageUrls":["https://shop.coles.com.au/wcsstore/Coles-CAS/images/4/6/7/4675520.jpg"],"storeId":"coles","packageSize":"1kg","cupPrice":"$8.00 per 1KG","locations":{"VIC":{"price":8,"discountRate":30,"promo":"","orgPrice":11.5}},"categoryIds":["c-frozen"],"similarProductIds":[]},{"id":"serious-organic-frozen-bluebrerries","name":"Frozen Blueberries","brand":"Serious Organic","imageUrls":["https://shop.coles.com.au/wcsstore/Coles-CAS/images/3/7/1/3717679.jpg"],"storeId":"coles","packageSize":"250g","cupPrice":"$2.40 per 100G","locations":{"VIC":{"price":6,"discountRate":17,"promo":"Any 2 $10","orgPrice":6}},"categoryIds":["c-frozen"],"similarProductIds":[]},{"id":"frys-vegan-smoky-bbq-pizza","name":"Frozen Smoky BBQ Wood Fired Pizza","brand":"Fry's","imageUrls":["https://shop.coles.com.au/wcsstore/Coles-CAS/images/3/5/3/3533202.jpg"],"storeId":"coles","packageSize":"430g","cupPrice":"$1.67 per 100G","locations":{"VIC":{"price":7.2,"discountRate":20,"promo":"","orgPrice":9}},"categoryIds":["c-frozen"],"similarProductIds":[]},{"id":"halo-top-sea-salt-caramel","name":"Sea Salt Caramel Ice Cream Tub","brand":"Halo Top","imageUrls":["https://shop.coles.com.au/wcsstore/Coles-CAS/images/3/1/4/3146862.jpg"],"storeId":"coles","packageSize":"473mL","cupPrice":"$1.48 per 100mL","locations":{"VIC":{"price":7,"discountRate":22,"promo":"","orgPrice":9}},"categoryIds":["c-frozen"],"similarProductIds":[]},{"id":"halo-top-peanut-butter-cup","name":"Peanut Butter Ice Cream Tub","brand":"Halo Top","imageUrls":["https://shop.coles.com.au/wcsstore/Coles-CAS/images/3/1/4/3146851.jpg"],"storeId":"coles","packageSize":"473mL","cupPrice":"$1.48 per 100mL","locations":{"VIC":{"price":7,"discountRate":22,"promo":"","orgPrice":9}},"categoryIds":["c-frozen"],"similarProductIds":[]},{"id":"halo-top-sticks-peanut-butter-swirl","name":"Peanut Butter Swirl Ice Cream Sticks 4 Pack","brand":"Halo Top","imageUrls":["https://shop.coles.com.au/wcsstore/Coles-CAS/images/3/5/7/3572634.jpg"],"storeId":"coles","packageSize":"400mL","cupPrice":"$1.75 per 100mL","locations":{"VIC":{"price":7,"discountRate":22,"promo":"","orgPrice":9}},"categoryIds":["c-frozen"],"similarProductIds":[]},{"id":"i-j-lobster-tails-garlic-butter","name":"The Finest Frozen Lobster Tails With Garlic & Herb Butter","brand":"I&J","imageUrls":["https://shop.coles.com.au/wcsstore/Coles-CAS/images/3/5/8/3580315.jpg"],"storeId":"coles","packageSize":"270g","cupPrice":"$81.48 per 1Kg","locations":{"VIC":{"price":22,"discountRate":21,"promo":"","orgPrice":28}},"categoryIds":["c-frozen"],"similarProductIds":[]},{"id":"lean-cuisine-balanced-srv-chicken-chorizo-paella","name":"Frozen Balanced Chicken & Chorizo Paella","brand":"Lean Cuisine","imageUrls":["https://shop.coles.com.au/wcsstore/Coles-CAS/images/3/5/4/3544107.jpg"],"storeId":"coles","packageSize":"300g","cupPrice":"$1.33 per 100G","locations":{"VIC":{"price":4,"discountRate":30,"promo":"","orgPrice":5.7}},"categoryIds":["c-frozen"],"similarProductIds":[]},{"id":"pana-dairy-free-icecream-banana-and-caramel","name":"Banana & Caramel Dairy Free Ice Cream Tub","brand":"Pana Organic","imageUrls":["https://shop.coles.com.au/wcsstore/Coles-CAS/images/3/5/8/3585160.jpg"],"storeId":"coles","packageSize":"475mL","cupPrice":"$1.68 per 100mL","locations":{"VIC":{"price":8,"discountRate":27,"promo":"","orgPrice":11}},"categoryIds":["c-frozen"],"similarProductIds":[]},{"id":"steggles-crunch-burger","name":"Crunch Burger","brand":"Steggles","imageUrls":["https://shop.coles.com.au/wcsstore/Coles-CAS/images/3/5/1/3511505.jpg"],"storeId":"coles","packageSize":"340g","cupPrice":"$23.53 per 1Kg","locations":{"VIC":{"price":8,"discountRate":20,"promo":"","orgPrice":10}},"categoryIds":["c-frozen"],"similarProductIds":[]},{"id":"annabel-karmel-frozen-beef-cottage-pie","name":"Frozen Beef Cottage Pie 1 to 4 years","brand":"Annabel Karmel","imageUrls":["https://shop.coles.com.au/wcsstore/Coles-CAS/images/2/3/1/2313346.jpg"],"storeId":"coles","packageSize":"200g","cupPrice":"$1.50 per 100G","locations":{"VIC":{"price":3,"discountRate":25,"promo":"","orgPrice":4}},"categoryIds":["c-frozen","c-baby"],"similarProductIds":[]},{"id":"buono-mochi-ice-mango-3785759p","name":"Mochi Ice Mango","brand":"Buono","imageUrls":["https://shop.coles.com.au/wcsstore/ColesResponsiveStorefrontAssetStore/dist/ccfc54aed6e361b650bcf0582f7b576b/img/img_product-placeholder.png"],"storeId":"coles","packageSize":"156g","cupPrice":"$3.59 per 100G","locations":{"VIC":{"price":5.6,"discountRate":20,"promo":"","orgPrice":7}},"categoryIds":["c-frozen"],"similarProductIds":[]},{"id":"buono-boru-boru-thai-tea-dessert","name":"Boru Boru Thai Tea Non-Dairy Dessert","brand":"Buono","imageUrls":["https://shop.coles.com.au/wcsstore/ColesResponsiveStorefrontAssetStore/dist/ccfc54aed6e361b650bcf0582f7b576b/img/img_product-placeholder.png"],"storeId":"coles","packageSize":"473g","cupPrice":"$1.69 per 100G","locations":{"VIC":{"price":8,"discountRate":20,"promo":"","orgPrice":10}},"categoryIds":["c-frozen"],"similarProductIds":[]},{"id":"buono-mochi-ice-chocolate-3785760p","name":"Mochi Ice Chocolate","brand":"Buono","imageUrls":["https://shop.coles.com.au/wcsstore/Coles-CAS/images/3/7/8/3785760.jpg"],"storeId":"coles","packageSize":"156g","cupPrice":"$3.59 per 100G","locations":{"VIC":{"price":5.6,"discountRate":20,"promo":"","orgPrice":7}},"categoryIds":["c-frozen"],"similarProductIds":[]},{"id":"buono-boru-boru-genmaicha-dessert","name":"Boru Boru Genmaicha Non-Dairy Dessert","brand":"Buono","imageUrls":["https://shop.coles.com.au/wcsstore/ColesResponsiveStorefrontAssetStore/dist/ccfc54aed6e361b650bcf0582f7b576b/img/img_product-placeholder.png"],"storeId":"coles","packageSize":"473g","cupPrice":"$1.69 per 100G","locations":{"VIC":{"price":8,"discountRate":20,"promo":"","orgPrice":10}},"categoryIds":["c-frozen"],"similarProductIds":[]},{"id":"cadbury-oreo-chesecake","name":"Oreo Cheesecake","brand":"Cadbury","imageUrls":["https://shop.coles.com.au/wcsstore/Coles-CAS/images/3/7/1/3718999.jpg"],"storeId":"coles","packageSize":"425g","cupPrice":"$2.06 per 100G","locations":{"VIC":{"price":8.75,"discountRate":20,"promo":"","orgPrice":11}},"categoryIds":["c-frozen"],"similarProductIds":[]},{"id":"four-n-twenty-traveller-mic-phillyches-steak-pie","name":"Traveller Microwave Philly Cheese Steak Pie","brand":"Four N Twenty","imageUrls":["https://shop.coles.com.au/wcsstore/Coles-CAS/images/3/7/3/3736028.jpg"],"storeId":"coles","packageSize":"160g","cupPrice":"$1.88 per 100G","locations":{"VIC":{"price":3,"discountRate":33,"promo":"Any 5 $10","orgPrice":3}},"categoryIds":["c-frozen"],"similarProductIds":[]},{"id":"haagen-dazs-ice-cream-strawberries-and-cream","name":"Strawberries & Cream Ice Cream Tub","brand":"Haagen-Dazs","imageUrls":["https://shop.coles.com.au/wcsstore/Coles-CAS/images/2/9/8/2983837.jpg"],"storeId":"coles","packageSize":"457mL","cupPrice":"$1.53 per 100mL","locations":{"VIC":{"price":7,"discountRate":39,"promo":"","orgPrice":11.5}},"categoryIds":["c-frozen"],"similarProductIds":[]},{"id":"hagen-dazs-mini-cup-classic-collection-4pk","name":"Mini Cup Classic Collection 4 pack","brand":"Haagen-Dazs","imageUrls":["https://shop.coles.com.au/wcsstore/Coles-CAS/images/2/9/8/2983860.jpg"],"storeId":"coles","packageSize":"380mL","cupPrice":"$2.37 per 100mL","locations":{"VIC":{"price":9,"discountRate":28,"promo":"","orgPrice":12.5}},"categoryIds":["c-frozen"],"similarProductIds":[]},{"id":"halo-top-icecream-chocolate","name":"Chocolate Ice Cream Tub","brand":"Halo Top","imageUrls":["https://shop.coles.com.au/wcsstore/Coles-CAS/images/3/1/4/3146884.jpg"],"storeId":"coles","packageSize":"473mL","cupPrice":"$1.48 per 100mL","locations":{"VIC":{"price":7,"discountRate":22,"promo":"","orgPrice":9}},"categoryIds":["c-frozen"],"similarProductIds":[]},{"id":"hanabi-chese-seafod-tofu","name":"Cheese Seafood Tofu","brand":"Hanabi","imageUrls":["https://shop.coles.com.au/wcsstore/ColesResponsiveStorefrontAssetStore/dist/ccfc54aed6e361b650bcf0582f7b576b/img/img_product-placeholder.png"],"storeId":"coles","packageSize":"300g","cupPrice":"$1.67 per 100G","locations":{"VIC":{"price":5,"discountRate":21,"promo":"","orgPrice":6.3}},"categoryIds":["c-frozen"],"similarProductIds":[]},{"id":"hong-kong-dim-sim-kitchen-siu-my-bites","name":"Frozen Siu Mai 10 Pieces","brand":"Hong Kong Dim Sim Kitchen","imageUrls":["https://shop.coles.com.au/wcsstore/Coles-CAS/images/2/3/5/2356702.jpg"],"storeId":"coles","packageSize":"200g","cupPrice":"$1.25 per 100G","locations":{"VIC":{"price":2.5,"discountRate":50,"promo":"","orgPrice":5}},"categoryIds":["c-frozen"],"similarProductIds":[]},{"id":"i-j-squid-tube","name":"The Finest Frozen Squid Tubes","brand":"I&J","imageUrls":["https://shop.coles.com.au/wcsstore/Coles-CAS/images/3/5/8/3580202.jpg"],"storeId":"coles","packageSize":"1kg","cupPrice":"$9.50 per 1Kg","locations":{"VIC":{"price":9.5,"discountRate":21,"promo":"","orgPrice":12}},"categoryIds":["c-frozen"],"similarProductIds":[]},{"id":"i-j-strn-blue-whiting-fillets","name":"Southern Blue Whiting Fillets","brand":"I&J","imageUrls":["https://shop.coles.com.au/wcsstore/ColesResponsiveStorefrontAssetStore/dist/ccfc54aed6e361b650bcf0582f7b576b/img/img_product-placeholder.png"],"storeId":"coles","packageSize":"500g","cupPrice":"$16.00 per 1Kg","locations":{"VIC":{"price":8,"discountRate":20,"promo":"","orgPrice":10}},"categoryIds":["c-frozen"],"similarProductIds":[]},{"id":"morningstar-farms-grillers-classic-mince","name":"Grillers Classic Mince","brand":"Morningstar Farms","imageUrls":["https://shop.coles.com.au/wcsstore/Coles-CAS/images/3/7/3/3734816.jpg"],"storeId":"coles","packageSize":"340g","cupPrice":"$1.18 per 100G","locations":{"VIC":{"price":4,"discountRate":50,"promo":"","orgPrice":8}},"categoryIds":["c-frozen"],"similarProductIds":[]},{"id":"mr-chens-steamed-prawn-roll","name":"Frozen Steamed Prawn Roll 5 pack","brand":"Mr.Chen's","imageUrls":["https://shop.coles.com.au/wcsstore/Coles-CAS/images/3/0/5/3051405.jpg"],"storeId":"coles","packageSize":"300g","cupPrice":"$1.67 per 100G","locations":{"VIC":{"price":5,"discountRate":33,"promo":"","orgPrice":7.5}},"categoryIds":["c-frozen"],"similarProductIds":[]},{"id":"mrs-macs-naked-pies-sltd-caramel-oze-pies","name":"Salted Caramel Ooze Naked Pies 6 Pack","brand":"Mrs Mac's","imageUrls":["https://shop.coles.com.au/wcsstore/Coles-CAS/images/3/7/0/3703765.jpg"],"storeId":"coles","packageSize":"270g","cupPrice":"$2.07 per 100G","locations":{"VIC":{"price":5.6,"discountRate":20,"promo":"","orgPrice":7}},"categoryIds":["c-frozen"],"similarProductIds":[]},{"id":"mrs-macs-naked-pies-lemon-zesty-zing-pies","name":"Lemon Zesty Zing Naked Pies 6 Pack","brand":"Mrs Mac's","imageUrls":["https://shop.coles.com.au/wcsstore/Coles-CAS/images/3/7/0/3706843.jpg"],"storeId":"coles","packageSize":"270g","cupPrice":"$2.07 per 100G","locations":{"VIC":{"price":5.6,"discountRate":20,"promo":"","orgPrice":7}},"categoryIds":["c-frozen"],"similarProductIds":[]},{"id":"nanna-s-vegan-friendly-apple-toffe-snack-pies","name":"Vegan Friendly Apple & Toffee Snack Pies","brand":"Nanna's","imageUrls":["https://shop.coles.com.au/wcsstore/Coles-CAS/images/3/7/1/3715607.jpg"],"storeId":"coles","packageSize":"225g","cupPrice":"$1.33 per 100G","locations":{"VIC":{"price":3,"discountRate":25,"promo":"","orgPrice":4}},"categoryIds":["c-frozen"],"similarProductIds":[]},{"id":"pana-mint-choc-chip-ice-cream-475-ml","name":"Dairy Free Mint Chocolate Chip Ice Cream Tub","brand":"Pana Organic","imageUrls":["https://shop.coles.com.au/wcsstore/Coles-CAS/images/3/2/4/3249800.jpg"],"storeId":"coles","packageSize":"475mL","cupPrice":"$1.68 per 100mL","locations":{"VIC":{"price":8,"discountRate":27,"promo":"","orgPrice":11}},"categoryIds":["c-frozen"],"similarProductIds":[]},{"id":"quorn-crumbed-lemon-vegan-fish-free-fillet","name":"Crumbed Fish Free Fillets With Lemon & Pepper 2 Pieces","brand":"Quorn","imageUrls":["https://shop.coles.com.au/wcsstore/Coles-CAS/images/3/5/1/3517410.jpg"],"storeId":"coles","packageSize":"200g","cupPrice":"$2.00 per 100G","locations":{"VIC":{"price":4,"discountRate":43,"promo":"","orgPrice":7}},"categoryIds":["c-frozen"],"similarProductIds":[]},{"id":"hersheys-reeses-peanut-butter-tub","name":"Peanut Butter Chocolate Ice Cream Tub","brand":"Reese's","imageUrls":["https://shop.coles.com.au/wcsstore/Coles-CAS/images/3/4/0/3407274.jpg"],"storeId":"coles","packageSize":"473mL","cupPrice":"$0.90 per 100mL","locations":{"VIC":{"price":4.25,"discountRate":50,"promo":"","orgPrice":8.5}},"categoryIds":["c-frozen"],"similarProductIds":[]},{"id":"streets-magnum-double-dipped-duet-mp4","name":"Magnum Double Dipped Duet Ice Cream Sticks 4 pack","brand":"Streets","imageUrls":["https://shop.coles.com.au/wcsstore/Coles-CAS/images/3/5/7/3572770.jpg"],"storeId":"coles","packageSize":"340mL","cupPrice":"$1.91 per 100mL","locations":{"VIC":{"price":6.5,"discountRate":28,"promo":"","orgPrice":9}},"categoryIds":["c-frozen"],"similarProductIds":[]},{"id":"syndian-natural-food-burgers-lentil-frozen","name":"Frozen Gluten Free Lentil Burgers","brand":"Syndian","imageUrls":["https://shop.coles.com.au/wcsstore/Coles-CAS/images/7/6/0/7601891.jpg"],"storeId":"coles","packageSize":"400g","cupPrice":"$1.40 per 100G","locations":{"VIC":{"price":5.6,"discountRate":20,"promo":"","orgPrice":7}},"categoryIds":["c-frozen"],"similarProductIds":[]},{"id":"toblerone-frozen-chesecake","name":"Frozen Cheesecake","brand":"Toblerone","imageUrls":["https://shop.coles.com.au/wcsstore/Coles-CAS/images/3/7/1/3718988.jpg"],"storeId":"coles","packageSize":"430g","cupPrice":"$2.03 per 100G","locations":{"VIC":{"price":8.75,"discountRate":20,"promo":"","orgPrice":11}},"categoryIds":["c-frozen"],"similarProductIds":[]},{"id":"tu-bao-zi-flaky-scallion-pancake","name":"Flaky Scallion Pancake","brand":"Tu Bao Zi","imageUrls":["https://shop.coles.com.au/wcsstore/ColesResponsiveStorefrontAssetStore/dist/ccfc54aed6e361b650bcf0582f7b576b/img/img_product-placeholder.png"],"storeId":"coles","packageSize":"480g","cupPrice":"$1.00 per 100G","locations":{"VIC":{"price":4.8,"discountRate":20,"promo":"","orgPrice":6}},"categoryIds":["c-frozen"],"similarProductIds":[]},{"id":"twisted-healthy-treats-priobiotic-choc-coconut","name":"Probiotic Power Multiflavour Lite Ice Cream Mini Cups 4 Pack","brand":"Twisted Healthy Treats","imageUrls":["https://shop.coles.com.au/wcsstore/Coles-CAS/images/3/5/7/3579826.jpg"],"storeId":"coles","packageSize":"480mL","cupPrice":"$1.77 per 100mL","locations":{"VIC":{"price":8.5,"discountRate":11,"promo":"","orgPrice":9.5}},"categoryIds":["c-frozen"],"similarProductIds":[]},{"id":"lipton-drink-ice-tea-peach-6344308p","name":"Peach Ice Tea","brand":"Lipton","imageUrls":["https://shop.coles.com.au/wcsstore/Coles-CAS/images/6/3/4/6344308.jpg"],"storeId":"coles","packageSize":"1.5L","cupPrice":"$2.53 per 1L","locations":{"VIC":{"price":3.8,"discountRate":21,"promo":"Any 2 $6","orgPrice":3.8}},"categoryIds":["c-drinks"],"similarProductIds":[]},{"id":"powerade-sports-drink-powder-mountain-blast","name":"Mountain Blast Powder","brand":"Powerade","imageUrls":["https://shop.coles.com.au/wcsstore/Coles-CAS/images/5/8/9/5896852.jpg"],"storeId":"coles","packageSize":"500g","cupPrice":"$1.80 per 100G","locations":{"VIC":{"price":9,"discountRate":24,"promo":"","orgPrice":11.85}},"categoryIds":["c-drinks"],"similarProductIds":[]},{"id":"lipton-drink-ice-tea-lemon-6344294p","name":"Lemon Ice Tea","brand":"Lipton","imageUrls":["https://shop.coles.com.au/wcsstore/Coles-CAS/images/6/3/4/6344294.jpg"],"storeId":"coles","packageSize":"1.5L","cupPrice":"$2.53 per 1L","locations":{"VIC":{"price":3.8,"discountRate":21,"promo":"Any 2 $6","orgPrice":3.8}},"categoryIds":["c-drinks"],"similarProductIds":[]},{"id":"monster-ultra-500ml-energry-drink","name":"Zero Ultra Energy Drink Cans 4 Pack","brand":"Monster","imageUrls":["https://shop.coles.com.au/wcsstore/Coles-CAS/images/2/7/8/2785108.jpg"],"storeId":"coles","packageSize":"500ml","cupPrice":"$5.85 per 1L","locations":{"VIC":{"price":11.7,"discountRate":40,"promo":"Any 2 $14","orgPrice":11.7}},"categoryIds":["c-drinks"],"similarProductIds":[]},{"id":"mount-franklin-lightly-sparkling-water","name":"Lime Flavoured Lightly Sparkling Water Can 250mL","brand":"Mount Franklin","imageUrls":["https://shop.coles.com.au/wcsstore/Coles-CAS/images/3/0/4/3048284.jpg"],"storeId":"coles","packageSize":"4 pack","cupPrice":"$3.00 per 1L","locations":{"VIC":{"price":3,"discountRate":33,"promo":"","orgPrice":4.5}},"categoryIds":["c-drinks"],"similarProductIds":[]},{"id":"daily-pop-top-juice-orange-pulp-free","name":"Orange Pulp Free","brand":"Daily Juice","imageUrls":["https://shop.coles.com.au/wcsstore/Coles-CAS/images/8/7/5/8757069.jpg"],"storeId":"coles","packageSize":"500mL","cupPrice":"$5.40 per 1L","locations":{"VIC":{"price":2.7,"discountRate":26,"promo":"Any 2 $4","orgPrice":2.7}},"categoryIds":["c-drinks"],"similarProductIds":[]},{"id":"lipton-drink-ice-tea-peach-light-6344476p","name":"Light Peach Ice Tea","brand":"Lipton","imageUrls":["https://shop.coles.com.au/wcsstore/Coles-CAS/images/6/3/4/6344476.jpg"],"storeId":"coles","packageSize":"1.5L","cupPrice":"$2.53 per 1L","locations":{"VIC":{"price":3.8,"discountRate":21,"promo":"Any 2 $6","orgPrice":3.8}},"categoryIds":["c-drinks"],"similarProductIds":[]},{"id":"australias-own-organic-unsweetened-almond-milk","name":"Unsweetened Organic Almond Milk","brand":"Australia's Own","imageUrls":["https://shop.coles.com.au/wcsstore/Coles-CAS/images/2/4/1/2412370.jpg"],"storeId":"coles","packageSize":"1L","cupPrice":"$2.00 per 1L","locations":{"VIC":{"price":2,"discountRate":29,"promo":"","orgPrice":2.8}},"categoryIds":["c-drinks","c-healthy-living"],"similarProductIds":[]},{"id":"frantelle-sparkling-lime-lemon-water","name":"Lime & Lemon Essence Sparkling Water Cans 375mL","brand":"Frantelle","imageUrls":["https://shop.coles.com.au/wcsstore/Coles-CAS/images/3/2/7/3278841.jpg"],"storeId":"coles","packageSize":"10 pack","cupPrice":"$1.47 per 1L","locations":{"VIC":{"price":5.52,"discountRate":52,"promo":"","orgPrice":11.55}},"categoryIds":["c-drinks"],"similarProductIds":[]},{"id":"powerade-berry-ice-sports-drink","name":"Zero Berry Ice Sports Drink","brand":"Powerade","imageUrls":["https://shop.coles.com.au/wcsstore/Coles-CAS/images/1/7/2/1726001.jpg"],"storeId":"coles","packageSize":"600mL","cupPrice":"$4.17 per 1L","locations":{"VIC":{"price":2.5,"discountRate":29,"promo":"","orgPrice":3.5}},"categoryIds":["c-drinks"],"similarProductIds":[]},{"id":"fuze-peach-ice-tea","name":"Peach Black Iced Tea","brand":"Fuze","imageUrls":["https://shop.coles.com.au/wcsstore/Coles-CAS/images/2/9/9/2994695.jpg"],"storeId":"coles","packageSize":"1.25L","cupPrice":"$2.56 per 1L","locations":{"VIC":{"price":3.2,"discountRate":38,"promo":"Any 2 $4","orgPrice":3.2}},"categoryIds":["c-drinks"],"similarProductIds":[]},{"id":"ao-like-milk-unsweetened","name":"Unsweetened Like Milk","brand":"Australia's Own","imageUrls":["https://shop.coles.com.au/wcsstore/Coles-CAS/images/3/1/9/3192746.jpg"],"storeId":"coles","packageSize":"1L","cupPrice":"$3.00 per 1L","locations":{"VIC":{"price":3,"discountRate":25,"promo":"","orgPrice":4}},"categoryIds":["c-drinks"],"similarProductIds":[]},{"id":"powerade-mountain-blast-sports-drink","name":"Mountain Blast Sports Drink","brand":"Powerade","imageUrls":["https://shop.coles.com.au/wcsstore/Coles-CAS/images/1/7/2/1726056.jpg"],"storeId":"coles","packageSize":"600mL","cupPrice":"$4.17 per 1L","locations":{"VIC":{"price":2.5,"discountRate":29,"promo":"","orgPrice":3.5}},"categoryIds":["c-drinks"],"similarProductIds":[]},{"id":"australias-own-organic-unsweetened-coconut-milk","name":"Unsweetened Organic Coconut Milk","brand":"Australia's Own","imageUrls":["https://shop.coles.com.au/wcsstore/Coles-CAS/images/3/0/1/3019210.jpg"],"storeId":"coles","packageSize":"1L","cupPrice":"$2.00 per 1L","locations":{"VIC":{"price":2,"discountRate":29,"promo":"","orgPrice":2.8}},"categoryIds":["c-drinks"],"similarProductIds":[]},{"id":"frantelle-sparkling-rasp-blackcurrant-water","name":"Raspberry &  Blackcurrant Essence Sparkling Water Cans 375mL","brand":"Frantelle","imageUrls":["https://shop.coles.com.au/wcsstore/Coles-CAS/images/3/2/7/3278863.jpg"],"storeId":"coles","packageSize":"10 pack","cupPrice":"$1.47 per 1L","locations":{"VIC":{"price":5.52,"discountRate":53,"promo":"","orgPrice":11.649999999999999}},"categoryIds":["c-drinks"],"similarProductIds":[]},{"id":"australias-own-organic-soy-milk","name":"Unsweetened Organic Soy Milk","brand":"Australia's Own","imageUrls":["https://shop.coles.com.au/wcsstore/Coles-CAS/images/3/0/2/3026689.jpg"],"storeId":"coles","packageSize":"1L","cupPrice":"$1.40 per 1L","locations":{"VIC":{"price":1.4,"discountRate":22,"promo":"","orgPrice":1.7999999999999998}},"categoryIds":["c-drinks","c-healthy-living","c-health--beauty"],"similarProductIds":[]},{"id":"frantelle-sparkling-pineapple-orange-water","name":"Pineapple & Orange Essence Sparkling Water Cans 375mL","brand":"Frantelle","imageUrls":["https://shop.coles.com.au/wcsstore/Coles-CAS/images/3/2/7/3278852.jpg"],"storeId":"coles","packageSize":"10 pack","cupPrice":"$1.47 per 1L","locations":{"VIC":{"price":5.52,"discountRate":52,"promo":"","orgPrice":11.55}},"categoryIds":["c-drinks"],"similarProductIds":[]},{"id":"powerade-blackcurrant-sports-drink","name":"Blackcurrant Sports Drink","brand":"Powerade","imageUrls":["https://shop.coles.com.au/wcsstore/Coles-CAS/images/1/7/2/1726034.jpg"],"storeId":"coles","packageSize":"600mL","cupPrice":"$4.17 per 1L","locations":{"VIC":{"price":2.5,"discountRate":29,"promo":"","orgPrice":3.5}},"categoryIds":["c-drinks"],"similarProductIds":[]},{"id":"fuze--zesty-lemon-black-ice-tea","name":"Lemon Black Ice Tea","brand":"Fuze","imageUrls":["https://shop.coles.com.au/wcsstore/Coles-CAS/images/2/9/9/2994710.jpg"],"storeId":"coles","packageSize":"1.25L","cupPrice":"$2.56 per 1L","locations":{"VIC":{"price":3.2,"discountRate":38,"promo":"Any 2 $4","orgPrice":3.2}},"categoryIds":["c-drinks"],"similarProductIds":[]},{"id":"sanitarium-so-good-bliss-milk-long-life-flavoured-soy-vanilla","name":"So Good Long Life Vanilla Bliss Soy Milk","brand":"Sanitarium","imageUrls":["https://shop.coles.com.au/wcsstore/Coles-CAS/images/5/2/0/5208472.jpg"],"storeId":"coles","packageSize":"1L","cupPrice":"$2.00 per 1L","locations":{"VIC":{"price":2,"discountRate":33,"promo":"","orgPrice":3}},"categoryIds":["c-drinks"],"similarProductIds":[]},{"id":"frantelle-spring-water-600ml-bottles","name":"Natural Spring Water 600ml","brand":"Frantelle","imageUrls":["https://shop.coles.com.au/wcsstore/Coles-CAS/images/4/9/7/4978690.jpg"],"storeId":"coles","packageSize":"24 pack","cupPrice":"$0.90 per 1L","locations":{"VIC":{"price":13,"discountRate":46,"promo":"2 for $14","orgPrice":13}},"categoryIds":["c-drinks"],"similarProductIds":[]},{"id":"v-energy-drink-8737185p","name":"Energy Drink Can","brand":"V","imageUrls":["https://shop.coles.com.au/wcsstore/Coles-CAS/images/8/7/3/8737185.jpg"],"storeId":"coles","packageSize":"250mL","cupPrice":"$8.80 per 1L","locations":{"VIC":{"price":2.2,"discountRate":21,"promo":"","orgPrice":2.8000000000000003}},"categoryIds":["c-drinks"],"similarProductIds":[]},{"id":"nudie-juice-nothing-but-orange-with-pulp-fresh-chilled","name":"Pulp Oranges Juice Chilled","brand":"Nudie","imageUrls":["https://shop.coles.com.au/wcsstore/Coles-CAS/images/7/8/9/7895759.jpg"],"storeId":"coles","packageSize":"2L","cupPrice":"$3.25 per 1L","locations":{"VIC":{"price":6.5,"discountRate":19,"promo":"","orgPrice":8}},"categoryIds":["c-drinks"],"similarProductIds":[]},{"id":"nudie-nothing-but-100%25-juice-orange-pulp-free","name":"Pulp Free Oranges Juice Chilled","brand":"Nudie","imageUrls":["https://shop.coles.com.au/wcsstore/Coles-CAS/images/8/7/3/8738439.jpg"],"storeId":"coles","packageSize":"2L","cupPrice":"$3.25 per 1L","locations":{"VIC":{"price":6.5,"discountRate":19,"promo":"","orgPrice":8}},"categoryIds":["c-drinks"],"similarProductIds":[]},{"id":"devondale-milk-long-life-full-cream-5984520p","name":"Full Cream Long Life Milk 6 pack","brand":"Devondale","imageUrls":["https://shop.coles.com.au/wcsstore/Coles-CAS/images/5/9/8/5984520.jpg"],"storeId":"coles","packageSize":"1.2L","cupPrice":"$2.83 per 1L","locations":{"VIC":{"price":3.4,"discountRate":15,"promo":"","orgPrice":4}},"categoryIds":["c-drinks"],"similarProductIds":[]},{"id":"australias-own-almond-barista-milk","name":"Barista Organic Almond Milk","brand":"Australia's Own","imageUrls":["https://shop.coles.com.au/wcsstore/Coles-CAS/images/3/4/9/3492670.jpg"],"storeId":"coles","packageSize":"1L","cupPrice":"$3.60 per 1L","locations":{"VIC":{"price":3.6,"discountRate":20,"promo":"","orgPrice":4.5}},"categoryIds":["c-drinks"],"similarProductIds":[]},{"id":"devondale-milk-long-life-skim-6-pack","name":"Skim Long Life Milk 6 pack","brand":"Devondale","imageUrls":["https://shop.coles.com.au/wcsstore/Coles-CAS/images/5/9/9/5994046.jpg"],"storeId":"coles","packageSize":"1.2L","cupPrice":"$2.83 per 1L","locations":{"VIC":{"price":3.4,"discountRate":15,"promo":"","orgPrice":4}},"categoryIds":["c-drinks"],"similarProductIds":[]},{"id":"kirks-soft-drink-lemonade-sugar-free","name":"Sugar Free Lemonade","brand":"Kirks","imageUrls":["https://shop.coles.com.au/wcsstore/Coles-CAS/images/6/1/1/6111376.jpg"],"storeId":"coles","packageSize":"1.25L","cupPrice":"$0.92 per 1L","locations":{"VIC":{"price":1.15,"discountRate":32,"promo":"","orgPrice":1.7}},"categoryIds":["c-drinks"],"similarProductIds":[]},{"id":"mount-franklin-water-lightly-sparkling-natural","name":"Lightly Sparkling Water","brand":"Mount Franklin","imageUrls":["https://shop.coles.com.au/wcsstore/Coles-CAS/images/3/2/4/324385.jpg"],"storeId":"coles","packageSize":"1.25L","cupPrice":"$2.04 per 1L","locations":{"VIC":{"price":2.55,"discountRate":41,"promo":"Any 2 $3","orgPrice":2.55}},"categoryIds":["c-drinks"],"similarProductIds":[]},{"id":"nudie-juice-fresh-nothing-but-cloudy-apple-chilled","name":"Cloudy Apple Juice Chilled","brand":"Nudie","imageUrls":["https://shop.coles.com.au/wcsstore/Coles-CAS/images/7/8/9/7895817.jpg"],"storeId":"coles","packageSize":"2L","cupPrice":"$3.00 per 1L","locations":{"VIC":{"price":6,"discountRate":20,"promo":"","orgPrice":7.5}},"categoryIds":["c-drinks"],"similarProductIds":[]},{"id":"nudie-nothing-but--breakfast-juice","name":"Tropical Breakfast Juice Chilled","brand":"Nudie","imageUrls":["https://shop.coles.com.au/wcsstore/Coles-CAS/images/1/0/1/1011975.jpg"],"storeId":"coles","packageSize":"2L","cupPrice":"$3.00 per 1L","locations":{"VIC":{"price":6,"discountRate":20,"promo":"","orgPrice":7.5}},"categoryIds":["c-drinks"],"similarProductIds":[]},{"id":"deep-spring-mineral-water-pine-grap","name":"Pineapple & Pink Grapefruit Sparkling Natural Mineral Water","brand":"Deep Spring","imageUrls":["https://shop.coles.com.au/wcsstore/Coles-CAS/images/3/5/9/3595120.jpg"],"storeId":"coles","packageSize":"1.25L","cupPrice":"$0.80 per 1L","locations":{"VIC":{"price":1,"discountRate":50,"promo":"","orgPrice":2}},"categoryIds":["c-drinks"],"similarProductIds":[]},{"id":"waterfords-sparkling-lite-fruity-apple-berry","name":"Lite & Fruity Apple Berry Sparkling natural Mineral Water","brand":"Waterford's","imageUrls":["https://shop.coles.com.au/wcsstore/Coles-CAS/images/3/0/4/3047758.jpg"],"storeId":"coles","packageSize":"1L","cupPrice":"$1.80 per 1L","locations":{"VIC":{"price":1.8,"discountRate":28,"promo":"Any 2 $2.60","orgPrice":1.8}},"categoryIds":["c-drinks"],"similarProductIds":[]},{"id":"fruit-co-plus-juice-tomato","name":"Juice Plus + Tomato","brand":"Fruit Co","imageUrls":["https://shop.coles.com.au/wcsstore/Coles-CAS/images/3/7/5/3752330.jpg"],"storeId":"coles","packageSize":"2L","cupPrice":"$1.50 per 1L","locations":{"VIC":{"price":3,"discountRate":20,"promo":"","orgPrice":3.75}},"categoryIds":["c-drinks"],"similarProductIds":[]},{"id":"ocean-spray-pink-low-sugar-cranberry-15l","name":"Pink Low Sugar Cranberry Juice","brand":"Ocean Spray","imageUrls":["https://shop.coles.com.au/wcsstore/Coles-CAS/images/3/5/2/3528461.jpg"],"storeId":"coles","packageSize":"1.5L","cupPrice":"$3.80 per 1L","locations":{"VIC":{"price":5.7,"discountRate":39,"promo":"Any 2 $7","orgPrice":5.7}},"categoryIds":["c-drinks"],"similarProductIds":[]},{"id":"schweppes-pepsi-max-mini-200ml-cans","name":"Max Multipack Mini Cans 200mL","brand":"Pepsi","imageUrls":["https://shop.coles.com.au/wcsstore/Coles-CAS/images/2/0/0/2007543.jpg"],"storeId":"coles","packageSize":"6 pack","cupPrice":"$4.42 per 1L","locations":{"VIC":{"price":5.3,"discountRate":25,"promo":"Any 2 $8","orgPrice":5.3}},"categoryIds":["c-drinks"],"similarProductIds":[]},{"id":"remedy-kombucha-raspberry-lemonade","name":"Organic Kombucha Raspberry Lemonade Drink Bottle","brand":"Remedy","imageUrls":["https://shop.coles.com.au/wcsstore/Coles-CAS/images/3/1/8/3184078.jpg"],"storeId":"coles","packageSize":"700mL","cupPrice":"$6.86 per 1L","locations":{"VIC":{"price":4.8,"discountRate":20,"promo":"","orgPrice":6}},"categoryIds":["c-drinks"],"similarProductIds":[]},{"id":"schweppes-lemonade-mini-200ml-cans","name":"Lemonade Multipack Mini Cans 200mL","brand":"Schweppes","imageUrls":["https://shop.coles.com.au/wcsstore/Coles-CAS/images/2/0/0/2007510.jpg"],"storeId":"coles","packageSize":"6 pack","cupPrice":"$4.42 per 1L","locations":{"VIC":{"price":5.3,"discountRate":25,"promo":"Any 2 $8","orgPrice":5.3}},"categoryIds":["c-drinks"],"similarProductIds":[]},{"id":"schweppes-soft-drink-solo-extreme-lemon","name":"Zero Sugar Lemon Flavour Drink","brand":"Solo","imageUrls":["https://shop.coles.com.au/wcsstore/Coles-CAS/images/1/1/6/1167362.jpg"],"storeId":"coles","packageSize":"1.25L","cupPrice":"$1.36 per 1L","locations":{"VIC":{"price":1.7,"discountRate":23,"promo":"","orgPrice":2.2}},"categoryIds":["c-drinks"],"similarProductIds":[]},{"id":"spring-valley-juice-mango-banana-nectar","name":"Mango & Banana Nectar Fruit Drink","brand":"Spring Valley","imageUrls":["https://shop.coles.com.au/wcsstore/Coles-CAS/images/7/2/5/7259816.jpg"],"storeId":"coles","packageSize":"1.25L","cupPrice":"$3.20 per 1L","locations":{"VIC":{"price":4,"discountRate":20,"promo":"","orgPrice":5}},"categoryIds":["c-drinks"],"similarProductIds":[]},{"id":"sunkist-10x375ml-soft-drink-no-sugar","name":"No Sugar Soft Drink 375ml","brand":"Sunkist","imageUrls":["https://shop.coles.com.au/wcsstore/Coles-CAS/images/3/5/3/3531150.jpg"],"storeId":"coles","packageSize":"10 pack","cupPrice":"$1.47 per 1L","locations":{"VIC":{"price":5.52,"discountRate":50,"promo":"","orgPrice":11.05}},"categoryIds":["c-drinks"],"similarProductIds":[]},{"id":"waterfords-sparkling-1l-lite-fruity-lem-lime-bit","name":"Lemon Lime Bitters Lite & Fruity Sparkling Mineral Water","brand":"Waterford's","imageUrls":["https://shop.coles.com.au/wcsstore/Coles-CAS/images/3/0/4/3047769.jpg"],"storeId":"coles","packageSize":"1L","cupPrice":"$1.80 per 1L","locations":{"VIC":{"price":1.8,"discountRate":28,"promo":"Any 2 $2.60","orgPrice":1.8}},"categoryIds":["c-drinks"],"similarProductIds":[]},{"id":"cadbury-drinking-chocolate-5110050p","name":"Drinking Chocolate","brand":"Cadbury","imageUrls":["https://shop.coles.com.au/wcsstore/Coles-CAS/images/5/1/1/5110050.jpg"],"storeId":"coles","packageSize":"225g","cupPrice":"$0.89 per 100G","locations":{"VIC":{"price":2,"discountRate":38,"promo":"","orgPrice":3.2}},"categoryIds":["c-drinks"],"similarProductIds":[]},{"id":"fanta-soft-drink-orange-224857p","name":"Orange","brand":"Fanta","imageUrls":["https://shop.coles.com.au/wcsstore/Coles-CAS/images/2/2/4/224857.jpg"],"storeId":"coles","packageSize":"2L","cupPrice":"$0.90 per 1L","locations":{"VIC":{"price":1.8,"discountRate":0,"promo":"","orgPrice":1.8}},"categoryIds":["c-drinks"],"similarProductIds":[]},{"id":"mount-franklin-water-lightly-sparkling-wild-berry","name":"Lightly Sparkling Water with a hint of Wild Berry Bottle","brand":"Mount Franklin","imageUrls":["https://shop.coles.com.au/wcsstore/Coles-CAS/images/9/8/8/9886679.jpg"],"storeId":"coles","packageSize":"1.25L","cupPrice":"$2.04 per 1L","locations":{"VIC":{"price":2.55,"discountRate":41,"promo":"Any 2 $3","orgPrice":2.55}},"categoryIds":["c-drinks"],"similarProductIds":[]},{"id":"pepsi-max-soft-drink-creamy-soda","name":"Creaming Soda","brand":"Pepsi Max","imageUrls":["https://shop.coles.com.au/wcsstore/Coles-CAS/images/3/5/3/3530281.jpg"],"storeId":"coles","packageSize":"1.25L","cupPrice":"$1.36 per 1L","locations":{"VIC":{"price":1.7,"discountRate":23,"promo":"","orgPrice":2.2}},"categoryIds":["c-drinks"],"similarProductIds":[]},{"id":"powerade-active-water-peach-apple-600ml","name":"Active Water Peach & Apple Drink","brand":"Powerade","imageUrls":["https://shop.coles.com.au/wcsstore/Coles-CAS/images/3/5/2/3528676.jpg"],"storeId":"coles","packageSize":"600mL","cupPrice":"$4.17 per 1L","locations":{"VIC":{"price":2.5,"discountRate":29,"promo":"","orgPrice":3.5}},"categoryIds":["c-drinks"],"similarProductIds":[]},{"id":"solo-lemon-mini-6-x-200ml-cans","name":"Lemon Mini Multipack Cans 200mL","brand":"Solo","imageUrls":["https://shop.coles.com.au/wcsstore/Coles-CAS/images/2/2/7/2273285.jpg"],"storeId":"coles","packageSize":"6 pack","cupPrice":"$4.42 per 1L","locations":{"VIC":{"price":5.3,"discountRate":25,"promo":"Any 2 $8","orgPrice":5.3}},"categoryIds":["c-drinks"],"similarProductIds":[]},{"id":"sprite-soft-drink-zero-lemonade","name":"Zero Mini Multipack Cans 200 mL","brand":"Sprite","imageUrls":["https://shop.coles.com.au/wcsstore/Coles-CAS/images/1/5/3/1534168.jpg"],"storeId":"coles","packageSize":"8 Pack","cupPrice":"$3.75 per 1L","locations":{"VIC":{"price":6,"discountRate":29,"promo":"","orgPrice":8.5}},"categoryIds":["c-drinks"],"similarProductIds":[]},{"id":"bundaberg-brewed-6x200ml-drink-ginger-beer","name":"Ginger Beer Multipack Cans 200mL","brand":"Bundaberg","imageUrls":["https://shop.coles.com.au/wcsstore/Coles-CAS/images/3/5/3/3532797.jpg"],"storeId":"coles","packageSize":"6 pack","cupPrice":"$3.75 per 1L","locations":{"VIC":{"price":4.5,"discountRate":25,"promo":"","orgPrice":6}},"categoryIds":["c-drinks"],"similarProductIds":[]},{"id":"cca-glass-4x300ml-soft-drink-coca-cola","name":"Classic Coke Multipack Bottles 300mL","brand":"Coca-Cola","imageUrls":["https://shop.coles.com.au/wcsstore/Coles-CAS/images/3/4/4/3448271.jpg"],"storeId":"coles","packageSize":"4 pack","cupPrice":"$5.92 per 1L","locations":{"VIC":{"price":7.1,"discountRate":37,"promo":"Any 2 $9","orgPrice":7.1}},"categoryIds":["c-drinks"],"similarProductIds":[]},{"id":"cca-no-suger-soft-drink-sprite","name":"No Sugar Soft Drink Sprite","brand":"Coca-Cola","imageUrls":["https://shop.coles.com.au/wcsstore/Coles-CAS/images/3/5/8/3585567.jpg"],"storeId":"coles","packageSize":"1.25L","cupPrice":"$2.00 per 1L","locations":{"VIC":{"price":2.5,"discountRate":40,"promo":"Any 2 $3","orgPrice":2.5}},"categoryIds":["c-drinks"],"similarProductIds":[]},{"id":"dep-spring-mineral-water-lemon-lime","name":"Mineral Water Lemon Lime","brand":"Deep Spring","imageUrls":["https://shop.coles.com.au/wcsstore/Coles-CAS/images/3/7/7/3776463.jpg"],"storeId":"coles","packageSize":"4 pack","cupPrice":"$4.50 per 1L","locations":{"VIC":{"price":4.5,"discountRate":33,"promo":"Any 2 $6","orgPrice":4.5}},"categoryIds":["c-drinks"],"similarProductIds":[]},{"id":"devondale-milk-moo-uht-chocolate","name":"Moo Chocolate Flavoured Multipack Milk 200mL","brand":"Devondale","imageUrls":["https://shop.coles.com.au/wcsstore/Coles-CAS/images/1/2/6/1262240.jpg"],"storeId":"coles","packageSize":"6 pack","cupPrice":"$3.50 per 1L","locations":{"VIC":{"price":4.2,"discountRate":12,"promo":"","orgPrice":4.75}},"categoryIds":["c-drinks"],"similarProductIds":[]},{"id":"edenvale-non-alcoholic-wine-shiraz","name":"Non-Alcoholic Shiraz Bottle","brand":"Edenvale","imageUrls":["https://shop.coles.com.au/wcsstore/Coles-CAS/images/5/4/5/5457750.jpg"],"storeId":"coles","packageSize":"750mL","cupPrice":"$12.67 per 1L","locations":{"VIC":{"price":9.5,"discountRate":21,"promo":"Any 2 $15","orgPrice":9.5}},"categoryIds":["c-drinks"],"similarProductIds":[]},{"id":"fanta-no-sugar","name":"No Sugar Orange","brand":"Fanta","imageUrls":["https://shop.coles.com.au/wcsstore/Coles-CAS/images/3/5/8/3585556.jpg"],"storeId":"coles","packageSize":"1.25L","cupPrice":"$2.00 per 1L","locations":{"VIC":{"price":2.5,"discountRate":40,"promo":"Any 2 $3","orgPrice":2.5}},"categoryIds":["c-drinks"],"similarProductIds":[]},{"id":"kirks-mixer-dry-ginger-ale","name":"Dry Ginger Ale Soft Drink","brand":"Kirks","imageUrls":["https://shop.coles.com.au/wcsstore/Coles-CAS/images/9/6/4/9641220.jpg"],"storeId":"coles","packageSize":"1.25L","cupPrice":"$0.92 per 1L","locations":{"VIC":{"price":1.15,"discountRate":32,"promo":"","orgPrice":1.7}},"categoryIds":["c-drinks"],"similarProductIds":[]},{"id":"lipton-drink-ice-tea-raspberry","name":"Raspberry Ice Tea","brand":"Lipton","imageUrls":["https://shop.coles.com.au/wcsstore/Coles-CAS/images/7/3/8/7386664.jpg"],"storeId":"coles","packageSize":"1.5L","cupPrice":"$2.53 per 1L","locations":{"VIC":{"price":3.8,"discountRate":21,"promo":"Any 2 $6","orgPrice":3.8}},"categoryIds":["c-drinks"],"similarProductIds":[]},{"id":"lucozade-energy-drink-original-1503620p","name":"Original Energy Drink","brand":"Lucozade","imageUrls":["https://shop.coles.com.au/wcsstore/Coles-CAS/images/1/5/0/1503620.jpg"],"storeId":"coles","packageSize":"380mL","cupPrice":"$5.79 per 1L","locations":{"VIC":{"price":2.2,"discountRate":21,"promo":"","orgPrice":2.8000000000000003}},"categoryIds":["c-drinks"],"similarProductIds":[]},{"id":"mount-franklin-water-spring-natural","name":"Pure Spring Water","brand":"Mount Franklin","imageUrls":["https://shop.coles.com.au/wcsstore/Coles-CAS/images/5/1/6/5161084.jpg"],"storeId":"coles","packageSize":"1.5L","cupPrice":"$1.33 per 1L","locations":{"VIC":{"price":2,"discountRate":26,"promo":"","orgPrice":2.7}},"categoryIds":["c-drinks"],"similarProductIds":[]},{"id":"mountain-dew-soft-drink-citrus","name":"Caffeinated Citrus","brand":"Mountain Dew","imageUrls":["https://shop.coles.com.au/wcsstore/Coles-CAS/images/9/8/5/9855562.jpg"],"storeId":"coles","packageSize":"1.25L","cupPrice":"$1.36 per 1L","locations":{"VIC":{"price":1.7,"discountRate":23,"promo":"","orgPrice":2.2}},"categoryIds":["c-drinks"],"similarProductIds":[]},{"id":"nexba-kombucha-drink-elderflower-lemon","name":"Elderflower Lemon Kombucha Drink","brand":"Nexba","imageUrls":["https://shop.coles.com.au/wcsstore/Coles-CAS/images/3/7/1/3718387.jpg"],"storeId":"coles","packageSize":"1L","cupPrice":"$5.00 per 1L","locations":{"VIC":{"price":5,"discountRate":17,"promo":"","orgPrice":6}},"categoryIds":["c-drinks"],"similarProductIds":[]},{"id":"nexba-tonic-water-cans-lemon-lime","name":"Tonic Water Cans Classic 250mL","brand":"Nexba","imageUrls":["https://shop.coles.com.au/wcsstore/Coles-CAS/images/3/7/1/3714262.jpg"],"storeId":"coles","packageSize":"4 pack","cupPrice":"$2.70 per 1L","locations":{"VIC":{"price":2.7,"discountRate":50,"promo":"","orgPrice":5.4}},"categoryIds":["c-drinks"],"similarProductIds":[]},{"id":"nippys-coffee-flavoured-long-life-milk-375ml","name":"Coffee Flavoured Multipack Long Life Milk 375mL","brand":"Nippy's","imageUrls":["https://shop.coles.com.au/wcsstore/Coles-CAS/images/2/4/1/2412213.jpg"],"storeId":"coles","packageSize":"4 pack","cupPrice":"$4.00 per 1L","locations":{"VIC":{"price":6,"discountRate":20,"promo":"","orgPrice":7.5}},"categoryIds":["c-drinks"],"similarProductIds":[]},{"id":"nudie-100%25-fresh-apple-blackcurrant-juice","name":"Apples & Blackcurrants Juice Chilled","brand":"Nudie","imageUrls":["https://shop.coles.com.au/wcsstore/Coles-CAS/images/1/8/7/1877120.jpg"],"storeId":"coles","packageSize":"2L","cupPrice":"$3.00 per 1L","locations":{"VIC":{"price":6,"discountRate":20,"promo":"","orgPrice":7.5}},"categoryIds":["c-drinks"],"similarProductIds":[]},{"id":"nuris-juice-pomegranate","name":"Organic Wild Pomegranate Juice Bottle","brand":"Nuris","imageUrls":["https://shop.coles.com.au/wcsstore/Coles-CAS/images/5/9/7/5972291.jpg"],"storeId":"coles","packageSize":"1L","cupPrice":"$5.85 per 1L","locations":{"VIC":{"price":5.85,"discountRate":11,"promo":"","orgPrice":6.55}},"categoryIds":["c-drinks"],"similarProductIds":[]},{"id":"original-juice-co-mandarin-quencher","name":"Mandarin Quencher","brand":"Original Juice Co","imageUrls":["https://shop.coles.com.au/wcsstore/Coles-CAS/images/3/7/2/3725881.jpg"],"storeId":"coles","packageSize":"1.5L","cupPrice":"$2.67 per 1L","locations":{"VIC":{"price":4,"discountRate":11,"promo":"","orgPrice":4.5}},"categoryIds":["c-drinks"],"similarProductIds":[]},{"id":"pepsi-drink-max-raspberry","name":"Max Raspberry Soft Drink","brand":"Pepsi","imageUrls":["https://shop.coles.com.au/wcsstore/Coles-CAS/images/3/2/7/3271150.jpg"],"storeId":"coles","packageSize":"1.25L","cupPrice":"$0.88 per 1L","locations":{"VIC":{"price":1.1,"discountRate":50,"promo":"","orgPrice":2.2}},"categoryIds":["c-drinks"],"similarProductIds":[]},{"id":"powerade-gold-rush-sports-drink","name":"Gold Rush Sports Drink","brand":"Powerade","imageUrls":["https://shop.coles.com.au/wcsstore/Coles-CAS/images/1/7/2/1726045.jpg"],"storeId":"coles","packageSize":"600mL","cupPrice":"$4.17 per 1L","locations":{"VIC":{"price":2.5,"discountRate":29,"promo":"","orgPrice":3.5}},"categoryIds":["c-drinks"],"similarProductIds":[]},{"id":"powerade-lemon-lime-sports-drink","name":"Lemon Lime Sports Drink","brand":"Powerade","imageUrls":["https://shop.coles.com.au/wcsstore/Coles-CAS/images/1/7/2/1725993.jpg"],"storeId":"coles","packageSize":"600mL","cupPrice":"$4.17 per 1L","locations":{"VIC":{"price":2.5,"discountRate":29,"promo":"","orgPrice":3.5}},"categoryIds":["c-drinks"],"similarProductIds":[]},{"id":"powerade-active-water-sports-drink-mango-600ml","name":"Mango Sports Drink","brand":"Powerade","imageUrls":["https://shop.coles.com.au/wcsstore/Coles-CAS/images/3/5/2/3528632.jpg"],"storeId":"coles","packageSize":"600mL","cupPrice":"$4.17 per 1L","locations":{"VIC":{"price":2.5,"discountRate":29,"promo":"","orgPrice":3.5}},"categoryIds":["c-drinks"],"similarProductIds":[]},{"id":"pure-harvest-hazelnut-unsweetened-milk","name":"Organic Hazel Quench Hazelnut Coconut Milk","brand":"Pure Harvest","imageUrls":["https://shop.coles.com.au/wcsstore/Coles-CAS/images/1/9/4/1949094.jpg"],"storeId":"coles","packageSize":"1L","cupPrice":"$1.40 per 1L","locations":{"VIC":{"price":1.4,"discountRate":61,"promo":"","orgPrice":3.6}},"categoryIds":["c-drinks","c-healthy-living"],"similarProductIds":[]},{"id":"red-bull-250ml-energy-drink-watermelon","name":"Energy Drink Watermelon","brand":"Red Bull","imageUrls":["https://shop.coles.com.au/wcsstore/Coles-CAS/images/3/7/4/3741141.jpg"],"storeId":"coles","packageSize":"250mL","cupPrice":"$11.40 per 1L","locations":{"VIC":{"price":2.85,"discountRate":30,"promo":"Any 2 $4","orgPrice":2.85}},"categoryIds":["c-drinks"],"similarProductIds":[]},{"id":"santa-vittoria-mineral-water-sparkling","name":"Sparkling Mineral Water","brand":"Santa Vittoria","imageUrls":["https://shop.coles.com.au/wcsstore/Coles-CAS/images/9/8/1/9811997.jpg"],"storeId":"coles","packageSize":"1.5L","cupPrice":"$1.33 per 1L","locations":{"VIC":{"price":2,"discountRate":22,"promo":"","orgPrice":2.55}},"categoryIds":["c-drinks"],"similarProductIds":[]},{"id":"7-up-soft-drink-lemonade","name":"7Up Lemonade","brand":"Schweppes","imageUrls":["https://shop.coles.com.au/wcsstore/Coles-CAS/images/5/0/8/5080798.jpg"],"storeId":"coles","packageSize":"1.25L","cupPrice":"$1.36 per 1L","locations":{"VIC":{"price":1.7,"discountRate":23,"promo":"","orgPrice":2.2}},"categoryIds":["c-drinks"],"similarProductIds":[]},{"id":"waterfords-sparkling-1l-lite-fruity-tahitian-lime","name":"Tahitian Lime Lite & Fruity Sparkling Mineral Water","brand":"Waterford's","imageUrls":["https://shop.coles.com.au/wcsstore/Coles-CAS/images/3/0/4/3047780.jpg"],"storeId":"coles","packageSize":"1L","cupPrice":"$1.80 per 1L","locations":{"VIC":{"price":1.8,"discountRate":28,"promo":"Any 2 $2.60","orgPrice":1.8}},"categoryIds":["c-drinks"],"similarProductIds":[]},{"id":"bickfords-iced-coffee-mix","name":"Chicory Essence Iced Coffee Syrup","brand":"Bickford's","imageUrls":["https://shop.coles.com.au/wcsstore/Coles-CAS/images/5/9/2/5924448.jpg"],"storeId":"coles","packageSize":"550mL","cupPrice":"$10.18 per 1L","locations":{"VIC":{"price":5.6,"discountRate":20,"promo":"","orgPrice":7}},"categoryIds":["c-drinks"],"similarProductIds":[]},{"id":"campbells-vegetable-v8-juice","name":"V8 Vegetable Juice","brand":"Campbell's","imageUrls":["https://shop.coles.com.au/wcsstore/Coles-CAS/images/2/0/4/2047130.jpg"],"storeId":"coles","packageSize":"300mL","cupPrice":"$5.00 per 1L","locations":{"VIC":{"price":1.5,"discountRate":35,"promo":"","orgPrice":2.3}},"categoryIds":["c-drinks"],"similarProductIds":[]},{"id":"carlton-4x375ml-drink-zero","name":"Zero Cans 375mL","brand":"Carlton","imageUrls":["https://shop.coles.com.au/wcsstore/Coles-CAS/images/3/2/6/3269476.jpg"],"storeId":"coles","packageSize":"4 pack","cupPrice":"$4.67 per 1L","locations":{"VIC":{"price":7,"discountRate":14,"promo":"2 for $12","orgPrice":7}},"categoryIds":["c-drinks"],"similarProductIds":[]},{"id":"cca-glass-no-sugr-4x300ml-soft-drink-coke","name":"No Sugar Coke Multipack Bottles 300mL","brand":"Coca-Cola","imageUrls":["https://shop.coles.com.au/wcsstore/Coles-CAS/images/3/4/4/3448282.jpg"],"storeId":"coles","packageSize":"4 pack","cupPrice":"$5.92 per 1L","locations":{"VIC":{"price":7.1,"discountRate":37,"promo":"Any 2 $9","orgPrice":7.1}},"categoryIds":["c-drinks"],"similarProductIds":[]},{"id":"cocobella-water-coconut-pineapple","name":"Pineapple Flavour Pure Coconut Water","brand":"Cocobella","imageUrls":["https://shop.coles.com.au/wcsstore/Coles-CAS/images/7/8/8/7881200.jpg"],"storeId":"coles","packageSize":"250mL","cupPrice":"$4.00 per 1L","locations":{"VIC":{"price":1,"discountRate":50,"promo":"","orgPrice":2}},"categoryIds":["c-drinks"],"similarProductIds":[]},{"id":"cocobella-water-coconut-pink-guava","name":"Pink Guava Flavour Pure Coconut Water","brand":"Cocobella","imageUrls":["https://shop.coles.com.au/wcsstore/Coles-CAS/images/7/8/8/7881244.jpg"],"storeId":"coles","packageSize":"250mL","cupPrice":"$4.00 per 1L","locations":{"VIC":{"price":1,"discountRate":50,"promo":"","orgPrice":2}},"categoryIds":["c-drinks"],"similarProductIds":[]},{"id":"coles-organic-ice-tea-hib-rasp","name":"Organic Raspberry & Hibiscus Black Ice Tea","brand":"Coles","imageUrls":["https://shop.coles.com.au/wcsstore/Coles-CAS/images/3/4/9/3490438.jpg"],"storeId":"coles","packageSize":"750mL","cupPrice":"$4.00 per 1L","locations":{"VIC":{"price":3,"discountRate":14,"promo":"","orgPrice":3.5}},"categoryIds":["c-drinks"],"similarProductIds":[]},{"id":"coles-organic-ice-tea-peach","name":"Organic Peach Flavour Black Ice Tea","brand":"Coles","imageUrls":["https://shop.coles.com.au/wcsstore/Coles-CAS/images/3/4/9/3490427.jpg"],"storeId":"coles","packageSize":"750mL","cupPrice":"$4.00 per 1L","locations":{"VIC":{"price":3,"discountRate":14,"promo":"","orgPrice":3.5}},"categoryIds":["c-drinks"],"similarProductIds":[]},{"id":"deep-spring-mineral-water-lem-lime","name":"Lemon Lime Citrus Sparkling Natural Mineral Water","brand":"Deep Spring","imageUrls":["https://shop.coles.com.au/wcsstore/Coles-CAS/images/3/5/9/3595152.jpg"],"storeId":"coles","packageSize":"1.25L","cupPrice":"$0.80 per 1L","locations":{"VIC":{"price":1,"discountRate":50,"promo":"","orgPrice":2}},"categoryIds":["c-drinks"],"similarProductIds":[]},{"id":"dep-spring-mineral-water-orange-pass","name":"Mineral Water Orange Pass","brand":"Deep Spring","imageUrls":["https://shop.coles.com.au/wcsstore/Coles-CAS/images/3/7/7/3776474.jpg"],"storeId":"coles","packageSize":"4 pack","cupPrice":"$4.50 per 1L","locations":{"VIC":{"price":4.5,"discountRate":33,"promo":"Any 2 $6","orgPrice":4.5}},"categoryIds":["c-drinks"],"similarProductIds":[]},{"id":"fruit-co-plus-juice-orange","name":"Juice Plus + Orange","brand":"Fruit Co","imageUrls":["https://shop.coles.com.au/wcsstore/Coles-CAS/images/3/7/5/3752320.jpg"],"storeId":"coles","packageSize":"2L","cupPrice":"$1.50 per 1L","locations":{"VIC":{"price":3,"discountRate":20,"promo":"","orgPrice":3.75}},"categoryIds":["c-drinks"],"similarProductIds":[]},{"id":"fruit-co-plus-juice-10-fruits","name":"Juice Plus + 10 Fruits","brand":"Fruit Co","imageUrls":["https://shop.coles.com.au/wcsstore/Coles-CAS/images/3/7/5/3752283.jpg"],"storeId":"coles","packageSize":"2L","cupPrice":"$1.50 per 1L","locations":{"VIC":{"price":3,"discountRate":20,"promo":"","orgPrice":3.75}},"categoryIds":["c-drinks"],"similarProductIds":[]},{"id":"fruit-co-plus-juice-grape","name":"Juice Plus + Grape","brand":"Fruit Co","imageUrls":["https://shop.coles.com.au/wcsstore/Coles-CAS/images/3/7/5/3752319.jpg"],"storeId":"coles","packageSize":"2L","cupPrice":"$1.50 per 1L","locations":{"VIC":{"price":3,"discountRate":20,"promo":"","orgPrice":3.75}},"categoryIds":["c-drinks"],"similarProductIds":[]},{"id":"fruit-co-plus-juice-apple","name":"Juice Plus + Apple","brand":"Fruit Co","imageUrls":["https://shop.coles.com.au/wcsstore/Coles-CAS/images/3/7/5/3752294.jpg"],"storeId":"coles","packageSize":"2L","cupPrice":"$1.50 per 1L","locations":{"VIC":{"price":3,"discountRate":20,"promo":"","orgPrice":3.75}},"categoryIds":["c-drinks"],"similarProductIds":[]},{"id":"golden-circle-sparkling-apple-juice","name":"Crisp Apple Sparkling Multipack Juice Can 250mL","brand":"Golden Circle","imageUrls":["https://shop.coles.com.au/wcsstore/Coles-CAS/images/3/5/2/3529409.jpg"],"storeId":"coles","packageSize":"4 pack","cupPrice":"$4.50 per 1L","locations":{"VIC":{"price":4.5,"discountRate":25,"promo":"","orgPrice":6}},"categoryIds":["c-drinks"],"similarProductIds":[]},{"id":"jarrah-hot-chocolate-rocky-road","name":"Hot Chocolate Mocha","brand":"Jarrah","imageUrls":["https://shop.coles.com.au/wcsstore/Coles-CAS/images/3/1/8/3180463.jpg"],"storeId":"coles","packageSize":"140g","cupPrice":"$2.86 per 100G","locations":{"VIC":{"price":4,"discountRate":20,"promo":"","orgPrice":5}},"categoryIds":["c-drinks"],"similarProductIds":[]},{"id":"lift-hard-hitting-lemon-soft-drink-bottle","name":"Hard Hitting Lemon","brand":"Lift","imageUrls":["https://shop.coles.com.au/wcsstore/Coles-CAS/images/2/7/7/2778157.jpg"],"storeId":"coles","packageSize":"1.25L","cupPrice":"$2.00 per 1L","locations":{"VIC":{"price":2.5,"discountRate":40,"promo":"Any 2 $3","orgPrice":2.5}},"categoryIds":["c-drinks"],"similarProductIds":[]},{"id":"lipton-ice-tea-drink-tea-lemon-light","name":"Lemon Light Ice Tea Drink","brand":"Lipton","imageUrls":["https://shop.coles.com.au/wcsstore/Coles-CAS/images/6/3/4/6344465.jpg"],"storeId":"coles","packageSize":"1.5L","cupPrice":"$2.53 per 1L","locations":{"VIC":{"price":3.8,"discountRate":21,"promo":"Any 2 $6","orgPrice":3.8}},"categoryIds":["c-drinks"],"similarProductIds":[]},{"id":"lipton-ice-tea-drink-tea-green-citrus","name":"Citrus Green Ice Tea","brand":"Lipton","imageUrls":["https://shop.coles.com.au/wcsstore/Coles-CAS/images/6/3/4/6344320.jpg"],"storeId":"coles","packageSize":"1.5L","cupPrice":"$2.53 per 1L","locations":{"VIC":{"price":3.8,"discountRate":21,"promo":"Any 2 $6","orgPrice":3.8}},"categoryIds":["c-drinks"],"similarProductIds":[]},{"id":"monster-energy-drink-absolute-zero","name":"Ultra Sunrise Energy Drink","brand":"Monster","imageUrls":["https://shop.coles.com.au/wcsstore/Coles-CAS/images/1/3/3/1337382.jpg"],"storeId":"coles","packageSize":"500mL","cupPrice":"$0.35 per 100mL","locations":{"VIC":{"price":1.75,"discountRate":50,"promo":"","orgPrice":3.5}},"categoryIds":["c-drinks"],"similarProductIds":[]},{"id":"monster-energy-can-pineapple-punch-3511469p","name":"Pipeline Punch Energy Juice Can","brand":"Monster","imageUrls":["https://shop.coles.com.au/wcsstore/Coles-CAS/images/3/5/1/3511469.jpg"],"storeId":"coles","packageSize":"500mL","cupPrice":"$5.00 per 1L","locations":{"VIC":{"price":2.5,"discountRate":29,"promo":"","orgPrice":3.5}},"categoryIds":["c-drinks"],"similarProductIds":[]},{"id":"mt-franklin-lightly-sparkling-raspberry-lemon","name":"Mango Flavoured Lightly Sparkling Water","brand":"Mount Franklin","imageUrls":["https://shop.coles.com.au/wcsstore/Coles-CAS/images/2/0/3/2033714.jpg"],"storeId":"coles","packageSize":"1.25L","cupPrice":"$2.04 per 1L","locations":{"VIC":{"price":2.55,"discountRate":41,"promo":"Any 2 $3","orgPrice":2.55}},"categoryIds":["c-drinks"],"similarProductIds":[]},{"id":"nesquik-strawberry","name":"Nesquik Strawberry Powder","brand":"Nestle","imageUrls":["https://shop.coles.com.au/wcsstore/Coles-CAS/images/1/1/6/116129.jpg"],"storeId":"coles","packageSize":"250g","cupPrice":"$0.90 per 100G","locations":{"VIC":{"price":2.25,"discountRate":20,"promo":"","orgPrice":2.8}},"categoryIds":["c-drinks"],"similarProductIds":[]},{"id":"nexba-sparkling-infusion-sagar-free-lemon","name":"Naturally Sugar Free Lemon Sparkling Infusion","brand":"Nexba","imageUrls":["https://shop.coles.com.au/wcsstore/Coles-CAS/images/3/0/4/3049287.jpg"],"storeId":"coles","packageSize":"1L","cupPrice":"$1.25 per 1L","locations":{"VIC":{"price":1.25,"discountRate":50,"promo":"","orgPrice":2.5}},"categoryIds":["c-drinks"],"similarProductIds":[]},{"id":"nexba-kombucha-drink-strawberry-peach","name":"Strawberry Peach Kombucha Drink","brand":"Nexba","imageUrls":["https://shop.coles.com.au/wcsstore/Coles-CAS/images/3/7/1/3719299.jpg"],"storeId":"coles","packageSize":"1L","cupPrice":"$5.00 per 1L","locations":{"VIC":{"price":5,"discountRate":17,"promo":"","orgPrice":6}},"categoryIds":["c-drinks"],"similarProductIds":[]},{"id":"nexba-kombucha-drink-mixed-berry","name":"Mixed Berry Kombucha Drink","brand":"Nexba","imageUrls":["https://shop.coles.com.au/wcsstore/Coles-CAS/images/3/7/1/3719302.jpg"],"storeId":"coles","packageSize":"1L","cupPrice":"$5.00 per 1L","locations":{"VIC":{"price":5,"discountRate":17,"promo":"","orgPrice":6}},"categoryIds":["c-drinks"],"similarProductIds":[]},{"id":"nexba-tonic-water-cans-cranberry-hibiscus","name":"Tonic Water Cans Cranberry Hibiscus","brand":"Nexba","imageUrls":["https://shop.coles.com.au/wcsstore/Coles-CAS/images/3/7/1/3714284.jpg"],"storeId":"coles","packageSize":"4 pack","cupPrice":"$2.70 per 1L","locations":{"VIC":{"price":2.7,"discountRate":50,"promo":"","orgPrice":5.4}},"categoryIds":["c-drinks"],"similarProductIds":[]},{"id":"nippys-chocolate-flavoured-long-life-milk-375ml","name":"Chocolate Flavoured Multipack Long Life Milk 375mL","brand":"Nippy's","imageUrls":["https://shop.coles.com.au/wcsstore/Coles-CAS/images/2/4/1/2412202.jpg"],"storeId":"coles","packageSize":"4 pack","cupPrice":"$4.00 per 1L","locations":{"VIC":{"price":6,"discountRate":20,"promo":"","orgPrice":7.5}},"categoryIds":["c-drinks"],"similarProductIds":[]},{"id":"red-bull-zero-energy-drink-can","name":"Zero Energy Drink Single Can","brand":"Red Bull","imageUrls":["https://shop.coles.com.au/wcsstore/Coles-CAS/images/1/4/9/1492454.jpg"],"storeId":"coles","packageSize":"250mL","cupPrice":"$11.40 per 1L","locations":{"VIC":{"price":2.85,"discountRate":18,"promo":"Any 2 $4.70","orgPrice":2.85}},"categoryIds":["c-drinks"],"similarProductIds":[]},{"id":"red-bull-sugar-free-energy-drink-can","name":"Sugar Free Energy Drink Single Can","brand":"Red Bull","imageUrls":["https://shop.coles.com.au/wcsstore/Coles-CAS/images/9/5/0/9505006.jpg"],"storeId":"coles","packageSize":"250mL","cupPrice":"$11.40 per 1L","locations":{"VIC":{"price":2.85,"discountRate":18,"promo":"Any 2 $4.70","orgPrice":2.85}},"categoryIds":["c-drinks"],"similarProductIds":[]},{"id":"remedy-kombucha-apple-crisp","name":"Organic Kombucha Apple Crisp Sparkling Drink","brand":"Remedy","imageUrls":["https://shop.coles.com.au/wcsstore/Coles-CAS/images/3/3/2/3321226.jpg"],"storeId":"coles","packageSize":"700mL","cupPrice":"$6.86 per 1L","locations":{"VIC":{"price":4.8,"discountRate":20,"promo":"","orgPrice":6}},"categoryIds":["c-drinks"],"similarProductIds":[]},{"id":"remedy-kombucha-cherry-plum-3412252p","name":"Organic Cherry Plum Kombucha","brand":"Remedy","imageUrls":["https://shop.coles.com.au/wcsstore/Coles-CAS/images/3/4/1/3412252.jpg"],"storeId":"coles","packageSize":"700mL","cupPrice":"$6.86 per 1L","locations":{"VIC":{"price":4.8,"discountRate":20,"promo":"","orgPrice":6}},"categoryIds":["c-drinks"],"similarProductIds":[]},{"id":"sanitarium-so-good-original-cashew-milk","name":"So Good Long Life Original Cashew Milk","brand":"Sanitarium","imageUrls":["https://shop.coles.com.au/wcsstore/Coles-CAS/images/3/4/7/3478115.jpg"],"storeId":"coles","packageSize":"1L","cupPrice":"$2.00 per 1L","locations":{"VIC":{"price":2,"discountRate":33,"promo":"","orgPrice":3}},"categoryIds":["c-drinks"],"similarProductIds":[]},{"id":"schweppes-mineral-water-300ml-bottles","name":"Mixers Natural Mineral Water 300mL Bottles","brand":"Schweppes","imageUrls":["https://shop.coles.com.au/wcsstore/Coles-CAS/images/7/3/5/7351987.jpg"],"storeId":"coles","packageSize":"4 pack","cupPrice":"$4.38 per 1L","locations":{"VIC":{"price":5.25,"discountRate":14,"promo":"Any 2 $9","orgPrice":5.25}},"categoryIds":["c-drinks"],"similarProductIds":[]},{"id":"schweppes-soft-drink-sunkist-orange-crush","name":"Orange Crush","brand":"Sunkist","imageUrls":["https://shop.coles.com.au/wcsstore/Coles-CAS/images/5/0/3/5037303.jpg"],"storeId":"coles","packageSize":"1.25L","cupPrice":"$1.36 per 1L","locations":{"VIC":{"price":1.7,"discountRate":23,"promo":"","orgPrice":2.2}},"categoryIds":["c-drinks"],"similarProductIds":[]},{"id":"sunraysia-organic-juice-pouch-100%25-apple","name":"Organic Apple Juice Pouch","brand":"Sunraysia","imageUrls":["https://shop.coles.com.au/wcsstore/Coles-CAS/images/1/0/2/1027080.jpg"],"storeId":"coles","packageSize":"200mL","cupPrice":"$6.50 per 1L","locations":{"VIC":{"price":1.3,"discountRate":23,"promo":"Any 5 $5","orgPrice":1.3}},"categoryIds":["c-drinks"],"similarProductIds":[]},{"id":"sunraysia-juice-organic-tropical","name":"Organic Tropical Juice Pouch","brand":"Sunraysia","imageUrls":["https://shop.coles.com.au/wcsstore/Coles-CAS/images/1/3/8/1383594.jpg"],"storeId":"coles","packageSize":"200mL","cupPrice":"$6.50 per 1L","locations":{"VIC":{"price":1.3,"discountRate":23,"promo":"Any 5 $5","orgPrice":1.3}},"categoryIds":["c-drinks"],"similarProductIds":[]},{"id":"sunraysia-juice-organic-apple-blackcurrant","name":"Organic Apple & Blackcurrant Juice Pouch","brand":"Sunraysia","imageUrls":["https://shop.coles.com.au/wcsstore/Coles-CAS/images/1/3/8/1383583.jpg"],"storeId":"coles","packageSize":"200mL","cupPrice":"$6.50 per 1L","locations":{"VIC":{"price":1.3,"discountRate":23,"promo":"Any 5 $5","orgPrice":1.3}},"categoryIds":["c-drinks"],"similarProductIds":[]},{"id":"sustagen-powder-dutch-chocolate","name":"Dutch Chocolate Powder","brand":"Sustagen","imageUrls":["https://shop.coles.com.au/wcsstore/Coles-CAS/images/3/7/3/3738920.jpg"],"storeId":"coles","packageSize":"550g","cupPrice":"$1.36 per 100G","locations":{"VIC":{"price":7.5,"discountRate":21,"promo":"","orgPrice":9.5}},"categoryIds":["c-drinks"],"similarProductIds":[]},{"id":"v-energy-drink-rasp-lemonade-3734736p","name":"Drink Rasp Lemonade 275mL","brand":"V Energy","imageUrls":["https://shop.coles.com.au/wcsstore/Coles-CAS/images/3/7/3/3734736.jpg"],"storeId":"coles","packageSize":"4 pack","cupPrice":"$8.50 per 1L","locations":{"VIC":{"price":9.35,"discountRate":36,"promo":"Any 2 $12","orgPrice":9.35}},"categoryIds":["c-drinks"],"similarProductIds":[]},{"id":"aqua-pura-fruit-splash-flavoured-water","name":"Fruit Splash Flavoured Water","brand":"Aqua Pura","imageUrls":["https://shop.coles.com.au/wcsstore/Coles-CAS/images/3/6/4/3648521.jpg"],"storeId":"coles","packageSize":"1L","cupPrice":"$2.00 per 1L","locations":{"VIC":{"price":2,"discountRate":20,"promo":"","orgPrice":2.5}},"categoryIds":["c-drinks"],"similarProductIds":[]},{"id":"aqua-pura-fruit-splash-flavoured-water-3648554p","name":"Fruit Splash Flavoured Water","brand":"Aqua Pura","imageUrls":["https://shop.coles.com.au/wcsstore/Coles-CAS/images/3/6/4/3648554.jpg"],"storeId":"coles","packageSize":"1L","cupPrice":"$2.00 per 1L","locations":{"VIC":{"price":2,"discountRate":20,"promo":"","orgPrice":2.5}},"categoryIds":["c-drinks"],"similarProductIds":[]},{"id":"boost-juice-energy-lift-chilled","name":"Energy Lift Juice Chilled","brand":"Boost","imageUrls":["https://shop.coles.com.au/wcsstore/Coles-CAS/images/4/8/5/4854267.jpg"],"storeId":"coles","packageSize":"350mL","cupPrice":"$8.29 per 1L","locations":{"VIC":{"price":2.9,"discountRate":12,"promo":"","orgPrice":3.3}},"categoryIds":["c-drinks"],"similarProductIds":[]},{"id":"boost-mango-sunshine","name":"Mango Sunshine Juice","brand":"Boost","imageUrls":["https://shop.coles.com.au/wcsstore/Coles-CAS/images/3/4/1/3411249.jpg"],"storeId":"coles","packageSize":"350mL","cupPrice":"$8.29 per 1L","locations":{"VIC":{"price":2.9,"discountRate":12,"promo":"","orgPrice":3.3}},"categoryIds":["c-drinks"],"similarProductIds":[]},{"id":"campbells-tropical-v8-juice","name":"V8 Tropical Fusion Juice","brand":"Campbell's","imageUrls":["https://shop.coles.com.au/wcsstore/Coles-CAS/images/2/0/4/2047140.jpg"],"storeId":"coles","packageSize":"300mL","cupPrice":"$5.00 per 1L","locations":{"VIC":{"price":1.5,"discountRate":35,"promo":"","orgPrice":2.3}},"categoryIds":["c-drinks"],"similarProductIds":[]},{"id":"campbells-v8-breakfast-juice","name":"V8 Breakfast Fusion Juice","brand":"Campbell's","imageUrls":["https://shop.coles.com.au/wcsstore/Coles-CAS/images/2/0/4/2047151.jpg"],"storeId":"coles","packageSize":"300mL","cupPrice":"$5.00 per 1L","locations":{"VIC":{"price":1.5,"discountRate":35,"promo":"","orgPrice":2.3}},"categoryIds":["c-drinks"],"similarProductIds":[]},{"id":"capi-mineral-water-sparkling","name":"Premium Sparkling Mineral Water Bottle","brand":"Capi","imageUrls":["https://shop.coles.com.au/wcsstore/Coles-CAS/images/1/2/6/1263242.jpg"],"storeId":"coles","packageSize":"750mL","cupPrice":"$4.00 per 1L","locations":{"VIC":{"price":3,"discountRate":33,"promo":"2 for $4","orgPrice":3}},"categoryIds":["c-drinks"],"similarProductIds":[]},{"id":"coca-cola-coke","name":"Classic Coke","brand":"Coca-Cola","imageUrls":["https://shop.coles.com.au/wcsstore/Coles-CAS/images/4/8/6/4869333.jpg"],"storeId":"coles","packageSize":"1L","cupPrice":"$3.00 per 1L","locations":{"VIC":{"price":3,"discountRate":27,"promo":"","orgPrice":4.1}},"categoryIds":["c-drinks"],"similarProductIds":[]},{"id":"coca-cola-vanilla-coke-200ml-mini-cans","name":"Vanilla Flavour Coke Multipack Mini Cans 200mL","brand":"Coca-Cola","imageUrls":["https://shop.coles.com.au/wcsstore/Coles-CAS/images/2/6/7/2679891.jpg"],"storeId":"coles","packageSize":"8 Pack","cupPrice":"$3.75 per 1L","locations":{"VIC":{"price":6,"discountRate":29,"promo":"","orgPrice":8.5}},"categoryIds":["c-drinks"],"similarProductIds":[]},{"id":"cocobella--coconut-water-straight-up","name":"Straight Up Pure Coconut Water","brand":"Cocobella","imageUrls":["https://shop.coles.com.au/wcsstore/Coles-CAS/images/8/4/9/8496307.jpg"],"storeId":"coles","packageSize":"250mL","cupPrice":"$4.00 per 1L","locations":{"VIC":{"price":1,"discountRate":50,"promo":"","orgPrice":2}},"categoryIds":["c-drinks"],"similarProductIds":[]},{"id":"coles-organic-ice-tea-blueberry","name":"Organic Blueberry Flavour Black Ice Tea","brand":"Coles","imageUrls":["https://shop.coles.com.au/wcsstore/Coles-CAS/images/3/4/9/3490405.jpg"],"storeId":"coles","packageSize":"750mL","cupPrice":"$4.00 per 1L","locations":{"VIC":{"price":3,"discountRate":14,"promo":"","orgPrice":3.5}},"categoryIds":["c-drinks"],"similarProductIds":[]},{"id":"coles-organic-ice-tea-lem-ging","name":"Organic Ginger & Lemongrass Flavour Black Ice Tea","brand":"Coles","imageUrls":["https://shop.coles.com.au/wcsstore/Coles-CAS/images/3/4/9/3490416.jpg"],"storeId":"coles","packageSize":"750mL","cupPrice":"$4.00 per 1L","locations":{"VIC":{"price":3,"discountRate":14,"promo":"","orgPrice":3.5}},"categoryIds":["c-drinks"],"similarProductIds":[]},{"id":"daily-screw-top-juice-apple","name":"Apple Juice Chilled","brand":"Daily Juice","imageUrls":["https://shop.coles.com.au/wcsstore/Coles-CAS/images/8/7/5/8756135.jpg"],"storeId":"coles","packageSize":"500mL","cupPrice":"$5.40 per 1L","locations":{"VIC":{"price":2.7,"discountRate":26,"promo":"Any 2 $4","orgPrice":2.7}},"categoryIds":["c-drinks"],"similarProductIds":[]},{"id":"edenvale-non-alcoholic-wine-chardonnay","name":"Non Alcoholic Chardonnay Bottle","brand":"Edenvale","imageUrls":["https://shop.coles.com.au/wcsstore/Coles-CAS/images/5/4/5/5457808.jpg"],"storeId":"coles","packageSize":"750mL","cupPrice":"$12.67 per 1L","locations":{"VIC":{"price":9.5,"discountRate":21,"promo":"Any 2 $15","orgPrice":9.5}},"categoryIds":["c-drinks"],"similarProductIds":[]},{"id":"fanta-soft-drink-orange-200ml-cans","name":"Orange Flavour Multipack Mini Cans 200mL","brand":"Fanta","imageUrls":["https://shop.coles.com.au/wcsstore/Coles-CAS/images/7/9/1/7910025.jpg"],"storeId":"coles","packageSize":"8 pack","cupPrice":"$3.75 per 1L","locations":{"VIC":{"price":6,"discountRate":29,"promo":"","orgPrice":8.5}},"categoryIds":["c-drinks"],"similarProductIds":[]},{"id":"fanta-soft-drink-orange-123022p","name":"Orange","brand":"Fanta","imageUrls":["https://shop.coles.com.au/wcsstore/Coles-CAS/images/1/2/3/123022.jpg"],"storeId":"coles","packageSize":"1.25L","cupPrice":"$2.00 per 1L","locations":{"VIC":{"price":2.5,"discountRate":40,"promo":"Any 2 $3","orgPrice":2.5}},"categoryIds":["c-drinks"],"similarProductIds":[]},{"id":"fanta-soft-drink-grape-1216537p","name":"Grape","brand":"Fanta","imageUrls":["https://shop.coles.com.au/wcsstore/Coles-CAS/images/1/2/1/1216537.jpg"],"storeId":"coles","packageSize":"1.25L","cupPrice":"$2.00 per 1L","locations":{"VIC":{"price":2.5,"discountRate":40,"promo":"Any 2 $3","orgPrice":2.5}},"categoryIds":["c-drinks"],"similarProductIds":[]},{"id":"frantelle-sparkling-water","name":"Sparkling Water","brand":"Frantelle","imageUrls":["https://shop.coles.com.au/wcsstore/Coles-CAS/images/3/7/7/3777885.jpg"],"storeId":"coles","packageSize":"","cupPrice":"","locations":{"VIC":{"price":5.52,"discountRate":53,"promo":"","orgPrice":11.649999999999999}},"categoryIds":["c-drinks"],"similarProductIds":[]},{"id":"fruit-co-plus-nectar-apricot","name":"Plus + Nectar Apricot","brand":"Fruit Co","imageUrls":["https://shop.coles.com.au/wcsstore/Coles-CAS/images/3/7/5/3752352.jpg"],"storeId":"coles","packageSize":"2L","cupPrice":"$1.50 per 1L","locations":{"VIC":{"price":3,"discountRate":20,"promo":"","orgPrice":3.75}},"categoryIds":["c-drinks"],"similarProductIds":[]},{"id":"fruit-co-plus-juice-apple-pear","name":"Juice Plus + Apple Pear","brand":"Fruit Co","imageUrls":["https://shop.coles.com.au/wcsstore/Coles-CAS/images/3/7/5/3752308.jpg"],"storeId":"coles","packageSize":"2L","cupPrice":"$1.50 per 1L","locations":{"VIC":{"price":3,"discountRate":20,"promo":"","orgPrice":3.75}},"categoryIds":["c-drinks"],"similarProductIds":[]},{"id":"fruit-co-plus-juice-apple-banana-mago","name":"Juice Plus + Apple Banana Mango","brand":"Fruit Co","imageUrls":["https://shop.coles.com.au/wcsstore/Coles-CAS/images/3/7/5/3752272.jpg"],"storeId":"coles","packageSize":"2L","cupPrice":"$1.50 per 1L","locations":{"VIC":{"price":3,"discountRate":20,"promo":"","orgPrice":3.75}},"categoryIds":["c-drinks"],"similarProductIds":[]},{"id":"golden-circle-sparkling-tropical-juice","name":"Apple Tropical Punch Sparkling Multipack Juice Can 250mL","brand":"Golden Circle","imageUrls":["https://shop.coles.com.au/wcsstore/Coles-CAS/images/3/5/2/3529410.jpg"],"storeId":"coles","packageSize":"4 pack","cupPrice":"$4.50 per 1L","locations":{"VIC":{"price":4.5,"discountRate":25,"promo":"","orgPrice":6}},"categoryIds":["c-drinks"],"similarProductIds":[]},{"id":"h2coco-coconut-water-pure","name":"Coco 100% Natural Pure Coconut Water","brand":"H2","imageUrls":["https://shop.coles.com.au/wcsstore/Coles-CAS/images/9/5/5/9556404.jpg"],"storeId":"coles","packageSize":"330mL","cupPrice":"$4.36 per 1L","locations":{"VIC":{"price":1.44,"discountRate":49,"promo":"","orgPrice":2.8499999999999996}},"categoryIds":["c-drinks"],"similarProductIds":[]},{"id":"jarrah-chocolatte-drink-chocolate-10-pack","name":"Drinking Chocolate 10 pack","brand":"Jarrah","imageUrls":["https://shop.coles.com.au/wcsstore/Coles-CAS/images/6/7/7/6772298.jpg"],"storeId":"coles","packageSize":"115g","cupPrice":"$3.48 per 100G","locations":{"VIC":{"price":4,"discountRate":20,"promo":"","orgPrice":5}},"categoryIds":["c-drinks"],"similarProductIds":[]},{"id":"jarrah-hot-chocolate-mint-10pk","name":"Mint Hot Chocolate 10 Pack","brand":"Jarrah","imageUrls":["https://shop.coles.com.au/wcsstore/Coles-CAS/images/3/1/8/3180474.jpg"],"storeId":"coles","packageSize":"140g","cupPrice":"$2.86 per 100G","locations":{"VIC":{"price":4,"discountRate":20,"promo":"","orgPrice":5}},"categoryIds":["c-drinks"],"similarProductIds":[]},{"id":"jarrah-hot-chocolate-white-choc-raspberry","name":"Raspberry Hot Chocolate 10 Serves","brand":"Jarrah","imageUrls":["https://shop.coles.com.au/wcsstore/Coles-CAS/images/3/5/1/3513410.jpg"],"storeId":"coles","packageSize":"1 pack","cupPrice":"$4.00 per 1Ea","locations":{"VIC":{"price":4,"discountRate":20,"promo":"","orgPrice":5}},"categoryIds":["c-drinks"],"similarProductIds":[]},{"id":"jarrah-hot-chocolate-cokies-cream","name":"Hot Chocolate Cookies & Cream","brand":"Jarrah","imageUrls":["https://shop.coles.com.au/wcsstore/Coles-CAS/images/3/7/3/3731942.jpg"],"storeId":"coles","packageSize":"10 pack","cupPrice":"$0.40 per 1Ea","locations":{"VIC":{"price":4,"discountRate":20,"promo":"","orgPrice":5}},"categoryIds":["c-drinks"],"similarProductIds":[]},{"id":"kirks-soft-drink-creamy-soda","name":"Creaming Soda","brand":"Kirks","imageUrls":["https://shop.coles.com.au/wcsstore/Coles-CAS/images/5/3/9/5399075.jpg"],"storeId":"coles","packageSize":"1.25L","cupPrice":"$0.92 per 1L","locations":{"VIC":{"price":1.15,"discountRate":32,"promo":"","orgPrice":1.7}},"categoryIds":["c-drinks"],"similarProductIds":[]},{"id":"kirks-soft-drink-pasito-passionfruit","name":"Pasito Flavour Drink","brand":"Kirks","imageUrls":["https://shop.coles.com.au/wcsstore/Coles-CAS/images/5/3/9/5399086.jpg"],"storeId":"coles","packageSize":"1.25L","cupPrice":"$0.92 per 1L","locations":{"VIC":{"price":1.15,"discountRate":32,"promo":"","orgPrice":1.7}},"categoryIds":["c-drinks"],"similarProductIds":[]},{"id":"kirks-soft-drink-ginger-beer","name":"Ginger Beer","brand":"Kirks","imageUrls":["https://shop.coles.com.au/wcsstore/Coles-CAS/images/5/3/9/5399188.jpg"],"storeId":"coles","packageSize":"1.25L","cupPrice":"$0.92 per 1L","locations":{"VIC":{"price":1.15,"discountRate":32,"promo":"","orgPrice":1.7}},"categoryIds":["c-drinks"],"similarProductIds":[]},{"id":"lipton-drink-ice-tea-mango","name":"Mango Ice Tea","brand":"Lipton","imageUrls":["https://shop.coles.com.au/wcsstore/Coles-CAS/images/6/3/4/6344487.jpg"],"storeId":"coles","packageSize":"1.5L","cupPrice":"$2.53 per 1L","locations":{"VIC":{"price":3.8,"discountRate":21,"promo":"Any 2 $6","orgPrice":3.8}},"categoryIds":["c-drinks"],"similarProductIds":[]},{"id":"lipton-peach-nectarine-flavour-ice-tea","name":"Peach & Nectarine Flavour Ice Tea","brand":"Lipton","imageUrls":["https://shop.coles.com.au/wcsstore/Coles-CAS/images/3/7/0/3709750.jpg"],"storeId":"coles","packageSize":"1.5L","cupPrice":"$2.53 per 1L","locations":{"VIC":{"price":3.8,"discountRate":21,"promo":"Any 2 $6","orgPrice":3.8}},"categoryIds":["c-drinks"],"similarProductIds":[]},{"id":"monster--green-energy-drink-can","name":"Green Can Energy Drink","brand":"Monster","imageUrls":["https://shop.coles.com.au/wcsstore/Coles-CAS/images/2/7/8/2787136.jpg"],"storeId":"coles","packageSize":"500mL","cupPrice":"$5.00 per 1L","locations":{"VIC":{"price":2.5,"discountRate":29,"promo":"","orgPrice":3.5}},"categoryIds":["c-drinks"],"similarProductIds":[]},{"id":"monster--ultra-energy-drink-can","name":"Zero Ultra Energy Drink Can","brand":"Monster","imageUrls":["https://shop.coles.com.au/wcsstore/Coles-CAS/images/2/7/8/2787147.jpg"],"storeId":"coles","packageSize":"500mL","cupPrice":"$5.00 per 1L","locations":{"VIC":{"price":2.5,"discountRate":29,"promo":"","orgPrice":3.5}},"categoryIds":["c-drinks"],"similarProductIds":[]},{"id":"monster-energy-drink-ultra","name":"Ultra Energy Drink Can 250mL","brand":"Monster","imageUrls":["https://shop.coles.com.au/wcsstore/Coles-CAS/images/3/2/9/3299488.jpg"],"storeId":"coles","packageSize":"6 pack","cupPrice":"$4.00 per 1L","locations":{"VIC":{"price":6,"discountRate":40,"promo":"","orgPrice":10}},"categoryIds":["c-drinks"],"similarProductIds":[]},{"id":"monster-energy-can-mango","name":"Mango Laco Energy Drink","brand":"Monster","imageUrls":["https://shop.coles.com.au/wcsstore/Coles-CAS/images/3/2/9/3290778.jpg"],"storeId":"coles","packageSize":"500mL","cupPrice":"$5.00 per 1L","locations":{"VIC":{"price":2.5,"discountRate":29,"promo":"","orgPrice":3.5}},"categoryIds":["c-drinks"],"similarProductIds":[]},{"id":"monster-energy-can-mule","name":"Energy Can Mule","brand":"Monster","imageUrls":["https://shop.coles.com.au/wcsstore/Coles-CAS/images/3/7/3/3733937.jpg"],"storeId":"coles","packageSize":"500mL","cupPrice":"$5.00 per 1L","locations":{"VIC":{"price":2.5,"discountRate":29,"promo":"","orgPrice":3.5}},"categoryIds":["c-drinks"],"similarProductIds":[]},{"id":"mother-energy-drink-black","name":"Energy Drink Can","brand":"Mother","imageUrls":["https://shop.coles.com.au/wcsstore/Coles-CAS/images/6/5/2/6526906.jpg"],"storeId":"coles","packageSize":"500mL","cupPrice":"$5.00 per 1L","locations":{"VIC":{"price":2.5,"discountRate":0,"promo":"","orgPrice":2.5}},"categoryIds":["c-drinks"],"similarProductIds":[]},{"id":"mother-500ml-can-energy-drink-passionfruit-3189821p","name":"Passionfruit Energy Drink Can","brand":"Mother","imageUrls":["https://shop.coles.com.au/wcsstore/Coles-CAS/images/3/1/8/3189821.jpg"],"storeId":"coles","packageSize":"500mL","cupPrice":"$5.00 per 1L","locations":{"VIC":{"price":2.5,"discountRate":9,"promo":"","orgPrice":2.75}},"categoryIds":["c-drinks"],"similarProductIds":[]},{"id":"mother-500ml-can-energy-drink-3504135p","name":"Tropical Blast Energy Drink Can","brand":"Mother","imageUrls":["https://shop.coles.com.au/wcsstore/Coles-CAS/images/3/5/0/3504135.jpg"],"storeId":"coles","packageSize":"500mL","cupPrice":"$4.00 per 1L","locations":{"VIC":{"price":2,"discountRate":27,"promo":"","orgPrice":2.75}},"categoryIds":["c-drinks"],"similarProductIds":[]},{"id":"mother-500ml-can-energy-drink-epic-swell","name":"Energy Drink Epic Swell Can","brand":"Mother","imageUrls":["https://shop.coles.com.au/wcsstore/Coles-CAS/images/3/7/3/3733405.jpg"],"storeId":"coles","packageSize":"500mL","cupPrice":"$5.00 per 1L","locations":{"VIC":{"price":2.5,"discountRate":9,"promo":"","orgPrice":2.75}},"categoryIds":["c-drinks"],"similarProductIds":[]},{"id":"mount-franklin-water-sparkling-lemon","name":"Natural Lemon Flavoured Lightly Sparkling Water","brand":"Mount Franklin","imageUrls":["https://shop.coles.com.au/wcsstore/Coles-CAS/images/7/9/1/7910670.jpg"],"storeId":"coles","packageSize":"1.25L","cupPrice":"$2.04 per 1L","locations":{"VIC":{"price":2.55,"discountRate":41,"promo":"Any 2 $3","orgPrice":2.55}},"categoryIds":["c-drinks"],"similarProductIds":[]},{"id":"mount-franklin-water-lightly-sparkling-lime","name":"Lime Flavoured Lightly Sparkling Water","brand":"Mount Franklin","imageUrls":["https://shop.coles.com.au/wcsstore/Coles-CAS/images/9/8/8/9886657.jpg"],"storeId":"coles","packageSize":"1.25L","cupPrice":"$2.04 per 1L","locations":{"VIC":{"price":2.55,"discountRate":41,"promo":"Any 2 $3","orgPrice":2.55}},"categoryIds":["c-drinks"],"similarProductIds":[]},{"id":"mount-franklin-water-6x500-ml","name":"Pure Spring Water 500mL","brand":"Mount Franklin","imageUrls":["https://shop.coles.com.au/wcsstore/Coles-CAS/images/3/0/4/3049764.jpg"],"storeId":"coles","packageSize":"6 pack","cupPrice":"$1.17 per 1L","locations":{"VIC":{"price":3.5,"discountRate":27,"promo":"","orgPrice":4.8}},"categoryIds":["c-drinks"],"similarProductIds":[]},{"id":"mount-franklin-lightly-sparkling-water-mango","name":"Lightly Sparkling Mango Can 4 x 250mL","brand":"Mount Franklin","imageUrls":["https://shop.coles.com.au/wcsstore/Coles-CAS/images/3/0/4/3048295.jpg"],"storeId":"coles","packageSize":"4 pack","cupPrice":"$3.00 per 1L","locations":{"VIC":{"price":3,"discountRate":33,"promo":"","orgPrice":4.5}},"categoryIds":["c-drinks"],"similarProductIds":[]},{"id":"mount-franklin-lightly-sparkling-can-raspberry","name":"Lightly Sparkling Can Raspberry","brand":"Mount Franklin","imageUrls":["https://shop.coles.com.au/wcsstore/Coles-CAS/images/3/0/4/3048309.jpg"],"storeId":"coles","packageSize":"4 pack","cupPrice":"$3.00 per 1L","locations":{"VIC":{"price":3,"discountRate":33,"promo":"","orgPrice":4.5}},"categoryIds":["c-drinks"],"similarProductIds":[]},{"id":"mt-franklin-sparkling-raspbery","name":"Raspberry Sparkling 375mL","brand":"Mt Franklin","imageUrls":["https://shop.coles.com.au/wcsstore/Coles-CAS/images/3/7/3/3738410.jpg"],"storeId":"coles","packageSize":"10 pack","cupPrice":"$3.28 per 1L","locations":{"VIC":{"price":12.3,"discountRate":43,"promo":"Any 2 $14","orgPrice":12.3}},"categoryIds":["c-drinks"],"similarProductIds":[]},{"id":"mt-franklin-sparkling-water-lime","name":"Lightly Sparkling Lime Water 375 mL","brand":"Mt Franklin","imageUrls":["https://shop.coles.com.au/wcsstore/Coles-CAS/images/3/7/3/3738420.jpg"],"storeId":"coles","packageSize":"10 pack","cupPrice":"$3.28 per 1L","locations":{"VIC":{"price":12.3,"discountRate":43,"promo":"Any 2 $14","orgPrice":12.3}},"categoryIds":["c-drinks"],"similarProductIds":[]},{"id":"nesquik-chocolate-116093p","name":"Nesquik Chocolate Powder","brand":"Nestle","imageUrls":["https://shop.coles.com.au/wcsstore/Coles-CAS/images/1/1/6/116093.jpg"],"storeId":"coles","packageSize":"250g","cupPrice":"$0.90 per 100G","locations":{"VIC":{"price":2.25,"discountRate":20,"promo":"","orgPrice":2.8}},"categoryIds":["c-drinks"],"similarProductIds":[]},{"id":"nexba-sparkling-infusion-sugar-free-raspberry","name":"Sparkling Raspberry Infusion Sugar Free Drink","brand":"Nexba","imageUrls":["https://shop.coles.com.au/wcsstore/Coles-CAS/images/3/0/4/3049301.jpg"],"storeId":"coles","packageSize":"1L","cupPrice":"$1.25 per 1L","locations":{"VIC":{"price":1.25,"discountRate":50,"promo":"","orgPrice":2.5}},"categoryIds":["c-drinks"],"similarProductIds":[]},{"id":"nudie-juice-proactive-glow-juice","name":"Proactive Glow Juice","brand":"Nudie Juice","imageUrls":["https://shop.coles.com.au/wcsstore/Coles-CAS/images/3/7/2/3724674.jpg"],"storeId":"coles","packageSize":"400mL","cupPrice":"$10.00 per 1L","locations":{"VIC":{"price":4,"discountRate":11,"promo":"","orgPrice":4.5}},"categoryIds":["c-drinks"],"similarProductIds":[]},{"id":"nudie-juice-proactive-antioxidant-juice","name":"Proactive Antioxidant Juice","brand":"Nudie Juice","imageUrls":["https://shop.coles.com.au/wcsstore/Coles-CAS/images/3/7/2/3724652.jpg"],"storeId":"coles","packageSize":"400mL","cupPrice":"$10.00 per 1L","locations":{"VIC":{"price":4,"discountRate":11,"promo":"","orgPrice":4.5}},"categoryIds":["c-drinks"],"similarProductIds":[]},{"id":"ocean-spray-pink-cranberry-15litre","name":"Pink Cranberry Fruit Drink","brand":"Ocean Spray","imageUrls":["https://shop.coles.com.au/wcsstore/Coles-CAS/images/3/5/2/3528450.jpg"],"storeId":"coles","packageSize":"1.5L","cupPrice":"$3.80 per 1L","locations":{"VIC":{"price":5.7,"discountRate":39,"promo":"Any 2 $7","orgPrice":5.7}},"categoryIds":["c-drinks"],"similarProductIds":[]},{"id":"pepsi-soft-drink-cola-diet-light-caffeine-free","name":"Caffeine Free Diet Cola","brand":"Pepsi","imageUrls":["https://shop.coles.com.au/wcsstore/Coles-CAS/images/5/1/1/5114390.jpg"],"storeId":"coles","packageSize":"1.25L","cupPrice":"$1.36 per 1L","locations":{"VIC":{"price":1.7,"discountRate":23,"promo":"","orgPrice":2.2}},"categoryIds":["c-drinks"],"similarProductIds":[]},{"id":"schweppes-pepsi-mini-200ml-cans","name":"Mini Multipack Cans 200mL","brand":"Pepsi","imageUrls":["https://shop.coles.com.au/wcsstore/Coles-CAS/images/2/5/0/2508017.jpg"],"storeId":"coles","packageSize":"6 pack","cupPrice":"$4.42 per 1L","locations":{"VIC":{"price":5.3,"discountRate":25,"promo":"Any 2 $8","orgPrice":5.3}},"categoryIds":["c-drinks"],"similarProductIds":[]},{"id":"peroni-libera","name":"Libera 330mL","brand":"Peroni","imageUrls":["https://shop.coles.com.au/wcsstore/Coles-CAS/images/3/6/3/3636828.jpg"],"storeId":"coles","packageSize":"6 pack","cupPrice":"$5.05 per 1L","locations":{"VIC":{"price":10,"discountRate":23,"promo":"","orgPrice":13}},"categoryIds":["c-drinks"],"similarProductIds":[]},{"id":"powerade-mountain-blast-zero-sports-drink","name":"Mountain Blast Zero Sports Drink","brand":"Powerade","imageUrls":["https://shop.coles.com.au/wcsstore/Coles-CAS/images/1/7/2/1726012.jpg"],"storeId":"coles","packageSize":"600mL","cupPrice":"$4.17 per 1L","locations":{"VIC":{"price":2.5,"discountRate":29,"promo":"","orgPrice":3.5}},"categoryIds":["c-drinks"],"similarProductIds":[]},{"id":"powerade-active-water-sports-drink-lemon-600ml","name":"Active Water Lemon Sports Drink","brand":"Powerade","imageUrls":["https://shop.coles.com.au/wcsstore/Coles-CAS/images/3/5/2/3528654.jpg"],"storeId":"coles","packageSize":"600mL","cupPrice":"$4.17 per 1L","locations":{"VIC":{"price":2.5,"discountRate":29,"promo":"","orgPrice":3.5}},"categoryIds":["c-drinks"],"similarProductIds":[]},{"id":"red-bull-energy-drink-summer-edition-tropical-4-x-250ml","name":"Tropical Energy Drink 250mL Cans","brand":"Red Bull","imageUrls":["https://shop.coles.com.au/wcsstore/Coles-CAS/images/2/5/0/2500570.jpg"],"storeId":"coles","packageSize":"4 pack","cupPrice":"$10.20 per 1L","locations":{"VIC":{"price":10.2,"discountRate":36,"promo":"Any 2 $13","orgPrice":10.2}},"categoryIds":["c-drinks"],"similarProductIds":[]},{"id":"red-bull-original-energy-drink-can","name":"Energy Drink Single Can","brand":"Red Bull","imageUrls":["https://shop.coles.com.au/wcsstore/Coles-CAS/images/8/6/5/8654973.jpg"],"storeId":"coles","packageSize":"250mL","cupPrice":"$11.40 per 1L","locations":{"VIC":{"price":2.85,"discountRate":18,"promo":"Any 2 $4.70","orgPrice":2.85}},"categoryIds":["c-drinks"],"similarProductIds":[]},{"id":"red-bull-4x473ml-energy-drink-original","name":"Energy Drink Multipack 473mL","brand":"Red Bull","imageUrls":["https://shop.coles.com.au/wcsstore/Coles-CAS/images/3/1/9/3192495.jpg"],"storeId":"coles","packageSize":"4 pack","cupPrice":"$6.61 per 1L","locations":{"VIC":{"price":12.5,"discountRate":17,"promo":"","orgPrice":15}},"categoryIds":["c-drinks"],"similarProductIds":[]},{"id":"remedy-switchel-blod-orange","name":"Switchel Blood Orange","brand":"Remedy","imageUrls":["https://shop.coles.com.au/wcsstore/Coles-CAS/images/3/7/2/3724506.jpg"],"storeId":"coles","packageSize":"700mL","cupPrice":"$6.86 per 1L","locations":{"VIC":{"price":4.8,"discountRate":20,"promo":"","orgPrice":6}},"categoryIds":["c-drinks"],"similarProductIds":[]},{"id":"rockstar-energy-drink-guava","name":"Punched Tropical Guava Flavour Energy Drink","brand":"Rockstar","imageUrls":["https://shop.coles.com.au/wcsstore/Coles-CAS/images/7/3/8/7388750.jpg"],"storeId":"coles","packageSize":"500mL","cupPrice":"$4.00 per 1L","locations":{"VIC":{"price":2,"discountRate":23,"promo":"","orgPrice":2.6}},"categoryIds":["c-drinks"],"similarProductIds":[]},{"id":"sanitarium-so-good-unsweetened-cashew-milk","name":"So Good Long Life Unsweetened Cashew Milk","brand":"Sanitarium","imageUrls":["https://shop.coles.com.au/wcsstore/Coles-CAS/images/3/4/7/3478068.jpg"],"storeId":"coles","packageSize":"1L","cupPrice":"$2.00 per 1L","locations":{"VIC":{"price":2,"discountRate":33,"promo":"","orgPrice":3}},"categoryIds":["c-drinks"],"similarProductIds":[]},{"id":"sunkist--sunkist-orange-mini-can-6x200ml","name":"Orange Multipack Mini Cans 200mL","brand":"Sunkist","imageUrls":["https://shop.coles.com.au/wcsstore/Coles-CAS/images/2/5/0/2508028.jpg"],"storeId":"coles","packageSize":"6 pack","cupPrice":"$4.42 per 1L","locations":{"VIC":{"price":5.3,"discountRate":25,"promo":"Any 2 $8","orgPrice":5.3}},"categoryIds":["c-drinks"],"similarProductIds":[]},{"id":"sunraysia-organic-100%25-juice-apple-mango","name":"Organic Apple & Mango Juice Pouch","brand":"Sunraysia","imageUrls":["https://shop.coles.com.au/wcsstore/Coles-CAS/images/2/0/4/2048303.jpg"],"storeId":"coles","packageSize":"200mL","cupPrice":"$6.50 per 1L","locations":{"VIC":{"price":1.3,"discountRate":23,"promo":"Any 5 $5","orgPrice":1.3}},"categoryIds":["c-drinks"],"similarProductIds":[]},{"id":"sunraysia-organic-apple-guava-juice","name":"Organic Apple & Guava Juice Pouch","brand":"Sunraysia","imageUrls":["https://shop.coles.com.au/wcsstore/Coles-CAS/images/2/5/3/2532237.jpg"],"storeId":"coles","packageSize":"200mL","cupPrice":"$6.50 per 1L","locations":{"VIC":{"price":1.3,"discountRate":23,"promo":"Any 5 $5","orgPrice":1.3}},"categoryIds":["c-drinks"],"similarProductIds":[]},{"id":"sustagen-powder-vanilla","name":"Vanilla Powder","brand":"Sustagen","imageUrls":["https://shop.coles.com.au/wcsstore/Coles-CAS/images/3/7/3/3738930.jpg"],"storeId":"coles","packageSize":"550g","cupPrice":"$1.36 per 100G","locations":{"VIC":{"price":7.5,"discountRate":21,"promo":"","orgPrice":9.5}},"categoryIds":["c-drinks"],"similarProductIds":[]},{"id":"v-energy-drink-sugar-free-9589458p","name":"Sugarfree  Energy Drink","brand":"V","imageUrls":["https://shop.coles.com.au/wcsstore/Coles-CAS/images/9/5/8/9589458.jpg"],"storeId":"coles","packageSize":"250mL","cupPrice":"$8.80 per 1L","locations":{"VIC":{"price":2.2,"discountRate":21,"promo":"","orgPrice":2.8000000000000003}},"categoryIds":["c-drinks"],"similarProductIds":[]},{"id":"v-energy-drink-rasp-lemonade","name":"Raspberry Lemonade Drink","brand":"V Energy","imageUrls":["https://shop.coles.com.au/wcsstore/Coles-CAS/images/3/7/3/3734747.jpg"],"storeId":"coles","packageSize":"250mL","cupPrice":"$8.80 per 1L","locations":{"VIC":{"price":2.2,"discountRate":21,"promo":"","orgPrice":2.8000000000000003}},"categoryIds":["c-drinks"],"similarProductIds":[]},{"id":"v8-power-blend-juice-healthy-greens","name":"Healthy Greens Power Blend Juice","brand":"V8","imageUrls":["https://shop.coles.com.au/wcsstore/Coles-CAS/images/3/4/4/3447632.jpg"],"storeId":"coles","packageSize":"300mL","cupPrice":"$5.00 per 1L","locations":{"VIC":{"price":1.5,"discountRate":44,"promo":"","orgPrice":2.7}},"categoryIds":["c-drinks"],"similarProductIds":[]},{"id":"voss-sparkling-flavoured-water-tangerin-lemongrass","name":"Lime Mint Flavoured Sparkling Water","brand":"Voss","imageUrls":["https://shop.coles.com.au/wcsstore/Coles-CAS/images/3/0/8/3086964.jpg"],"storeId":"coles","packageSize":"375mL","cupPrice":"$0.67 per 100mL","locations":{"VIC":{"price":2.5,"discountRate":17,"promo":"","orgPrice":3}},"categoryIds":["c-drinks"],"similarProductIds":[]},{"id":"yacoya-aloe-crush-sugar-free","name":"Aloe Crush Flavour Drink","brand":"Ya-coya","imageUrls":["https://shop.coles.com.au/wcsstore/Coles-CAS/images/3/5/2/3529588.jpg"],"storeId":"coles","packageSize":"1.5L","cupPrice":"$2.27 per 1L","locations":{"VIC":{"price":3.4,"discountRate":19,"promo":"","orgPrice":4.2}},"categoryIds":["c-drinks"],"similarProductIds":[]},{"id":"yaru-sparkling-spring-water","name":"Sparkling Mineral Water","brand":"Yaru","imageUrls":["https://shop.coles.com.au/wcsstore/Coles-CAS/images/1/8/2/1828409.jpg"],"storeId":"coles","packageSize":"1L","cupPrice":"$1.40 per 1L","locations":{"VIC":{"price":1.4,"discountRate":50,"promo":"","orgPrice":2.8}},"categoryIds":["c-drinks"],"similarProductIds":[]},{"id":"yaru-still-spring-water","name":"Still Mineral Water","brand":"Yaru","imageUrls":["https://shop.coles.com.au/wcsstore/Coles-CAS/images/1/8/2/1828410.jpg"],"storeId":"coles","packageSize":"1L","cupPrice":"$1.40 per 1L","locations":{"VIC":{"price":1.4,"discountRate":50,"promo":"","orgPrice":2.8}},"categoryIds":["c-drinks"],"similarProductIds":[]},{"id":"coles-indian-ready-to-eat-meal-channa-masala","name":"Indian Chana Masala","brand":"Coles","imageUrls":["https://shop.coles.com.au/wcsstore/Coles-CAS/images/3/2/6/3265250.jpg"],"storeId":"coles","packageSize":"300g","cupPrice":"$0.50 per 100G","locations":{"VIC":{"price":1.5,"discountRate":50,"promo":"","orgPrice":3}},"categoryIds":["c-international-foods"],"similarProductIds":[]},{"id":"old-el-paso-rice-kit-chilli-garlic","name":"Chilli & Garlic Rice Dinner Kit","brand":"Old El Paso","imageUrls":["https://shop.coles.com.au/wcsstore/Coles-CAS/images/1/2/7/1279209.jpg"],"storeId":"coles","packageSize":"355g","cupPrice":"$1.41 per 100G","locations":{"VIC":{"price":5,"discountRate":23,"promo":"","orgPrice":6.5}},"categoryIds":["c-international-foods"],"similarProductIds":[]},{"id":"ufc-bean-sprouts","name":"Bean Sprouts","brand":"UFC","imageUrls":["https://shop.coles.com.au/wcsstore/Coles-CAS/images/8/8/5/8853710.jpg"],"storeId":"coles","packageSize":"410g","cupPrice":"$0.44 per 100G","locations":{"VIC":{"price":1.8,"discountRate":22,"promo":"","orgPrice":2.3}},"categoryIds":["c-international-foods"],"similarProductIds":[]},{"id":"wai-wai-noodles-tom-yum-instant-shrimp","name":"Flavoured Instant Noodles","brand":"Wai Wai Tom Yum Shrimp","imageUrls":["https://shop.coles.com.au/wcsstore/Coles-CAS/images/9/7/6/9765459.jpg"],"storeId":"coles","packageSize":"60g","cupPrice":"$0.83 per 100G","locations":{"VIC":{"price":0.5,"discountRate":23,"promo":"","orgPrice":0.65}},"categoryIds":["c-international-foods"],"similarProductIds":[]},{"id":"whittaker-s-chocolate-jelly-tip-block","name":"Jelly Tip Chocolate Block","brand":"Whittaker's","imageUrls":["https://shop.coles.com.au/wcsstore/Coles-CAS/images/3/7/5/3759497.jpg"],"storeId":"coles","packageSize":"250g","cupPrice":"$2.40 per 100G","locations":{"VIC":{"price":6,"discountRate":17,"promo":"Any 2 $10","orgPrice":6}},"categoryIds":["c-international-foods"],"similarProductIds":[]},{"id":"indo-mie-noodles-mi-goreng","name":"Mi Goreng Fried Instant Noodles","brand":"Indomie","imageUrls":["https://shop.coles.com.au/wcsstore/Coles-CAS/images/5/2/5/5252780.jpg"],"storeId":"coles","packageSize":"85g","cupPrice":"$0.59 per 100G","locations":{"VIC":{"price":0.5,"discountRate":23,"promo":"","orgPrice":0.65}},"categoryIds":["c-international-foods"],"similarProductIds":[]},{"id":"old-el-paso-fiery-soft-taco-kit","name":"Fiery Soft Taco Kit","brand":"Old El Paso","imageUrls":["https://shop.coles.com.au/wcsstore/Coles-CAS/images/3/7/5/3750765.jpg"],"storeId":"coles","packageSize":"405g","cupPrice":"$1.23 per 100G","locations":{"VIC":{"price":5,"discountRate":23,"promo":"","orgPrice":6.5}},"categoryIds":["c-international-foods"],"similarProductIds":[]},{"id":"pataks-chutney-mango-sweet","name":"Mango Chutney Mild","brand":"Patak's","imageUrls":["https://shop.coles.com.au/wcsstore/Coles-CAS/images/5/0/2/5029713.jpg"],"storeId":"coles","packageSize":"340g","cupPrice":"$1.18 per 100G","locations":{"VIC":{"price":4,"discountRate":19,"promo":"","orgPrice":4.95}},"categoryIds":["c-international-foods"],"similarProductIds":[]},{"id":"indo-mie-noodles-special-chicken","name":"Special Chicken Flavour Instant Noodles","brand":"Indomie","imageUrls":["https://shop.coles.com.au/wcsstore/Coles-CAS/images/5/2/5/5252791.jpg"],"storeId":"coles","packageSize":"75g","cupPrice":"$0.67 per 100G","locations":{"VIC":{"price":0.5,"discountRate":23,"promo":"","orgPrice":0.65}},"categoryIds":["c-international-foods"],"similarProductIds":[]},{"id":"a-roasted-seawed-snack","name":"Roasted Seaweed Snack","brand":"A+","imageUrls":["https://shop.coles.com.au/wcsstore/Coles-CAS/images/3/7/3/3736742.jpg"],"storeId":"coles","packageSize":"4.5g","cupPrice":"$20.00 per 100G","locations":{"VIC":{"price":0.9,"discountRate":10,"promo":"","orgPrice":1}},"categoryIds":["c-international-foods"],"similarProductIds":[]},{"id":"five-tastes-hoisin-garlic-stir-fry-shots","name":"Stir Fry Shots Chinese Hoisin And Garlic","brand":"Five Tastes","imageUrls":["https://shop.coles.com.au/wcsstore/Coles-CAS/images/2/7/3/2734220.jpg"],"storeId":"coles","packageSize":"180g","cupPrice":"$2.22 per 100G","locations":{"VIC":{"price":4,"discountRate":25,"promo":"Any 2 $6","orgPrice":4}},"categoryIds":["c-international-foods"],"similarProductIds":[]},{"id":"five-tastes-lemongrass-kaffir-lime-stir-fry-shots","name":"Lemongrass & Kaffir Lime Stir Fry Shots","brand":"Five Tastes","imageUrls":["https://shop.coles.com.au/wcsstore/Coles-CAS/images/2/7/3/2734231.jpg"],"storeId":"coles","packageSize":"180g","cupPrice":"$2.22 per 100G","locations":{"VIC":{"price":4,"discountRate":25,"promo":"Any 2 $6","orgPrice":4}},"categoryIds":["c-international-foods"],"similarProductIds":[]},{"id":"indo-mie-noodles-chicken-curry","name":"Chicken Curry Flavour Instant Noodles","brand":"Indomie","imageUrls":["https://shop.coles.com.au/wcsstore/Coles-CAS/images/5/2/5/5252758.jpg"],"storeId":"coles","packageSize":"80g","cupPrice":"$0.63 per 100G","locations":{"VIC":{"price":0.5,"discountRate":23,"promo":"","orgPrice":0.65}},"categoryIds":["c-international-foods"],"similarProductIds":[]},{"id":"itoen-oi-ocha-green-tea-unsweetened","name":"Green Tea","brand":"Ito En Oi Ocha","imageUrls":["https://shop.coles.com.au/wcsstore/Coles-CAS/images/1/5/9/1599232.jpg"],"storeId":"coles","packageSize":"500mL","cupPrice":"$4.00 per 1L","locations":{"VIC":{"price":2,"discountRate":20,"promo":"","orgPrice":2.5}},"categoryIds":["c-international-foods"],"similarProductIds":[]},{"id":"loacker-gran-paticceria-coconut","name":"Gran Pasticceria Coconut Wafer Biscuit","brand":"Loacker","imageUrls":["https://shop.coles.com.au/wcsstore/Coles-CAS/images/5/0/1/5019924.jpg"],"storeId":"coles","packageSize":"100g","cupPrice":"$2.50 per 100G","locations":{"VIC":{"price":2.5,"discountRate":38,"promo":"","orgPrice":4}},"categoryIds":["c-international-foods"],"similarProductIds":[]},{"id":"loacker-gardena-chocolate","name":"Gardena Fingers Chocolate","brand":"Loacker","imageUrls":["https://shop.coles.com.au/wcsstore/Coles-CAS/images/2/5/0/2502430.jpg"],"storeId":"coles","packageSize":"125g","cupPrice":"$2.00 per 100G","locations":{"VIC":{"price":2.5,"discountRate":38,"promo":"","orgPrice":4}},"categoryIds":["c-international-foods"],"similarProductIds":[]},{"id":"nissin-ramen-kyushu-black","name":"Ramen Kyushu Black Noodle","brand":"Nissin","imageUrls":["https://shop.coles.com.au/wcsstore/Coles-CAS/images/3/3/0/3308750.jpg"],"storeId":"coles","packageSize":"530g","cupPrice":"$1.12 per 100G","locations":{"VIC":{"price":5.95,"discountRate":12,"promo":"","orgPrice":6.75}},"categoryIds":["c-international-foods"],"similarProductIds":[]},{"id":"obento-tempura-batter-mix","name":"Tempura Batter Mix","brand":"Obento","imageUrls":["https://shop.coles.com.au/wcsstore/Coles-CAS/images/3/7/3/3737279.jpg"],"storeId":"coles","packageSize":"500g","cupPrice":"$0.56 per 100G","locations":{"VIC":{"price":2.8,"discountRate":15,"promo":"","orgPrice":3.3}},"categoryIds":["c-international-foods"],"similarProductIds":[]},{"id":"old-el-paso-gluten-free-enchilada-kit","name":"Gluten Free Enchilada Kit Mild","brand":"Old El Paso","imageUrls":["https://shop.coles.com.au/wcsstore/Coles-CAS/images/3/4/9/3497936.jpg"],"storeId":"coles","packageSize":"518g","cupPrice":"$0.97 per 100G","locations":{"VIC":{"price":5,"discountRate":29,"promo":"","orgPrice":7}},"categoryIds":["c-international-foods"],"similarProductIds":[]},{"id":"wai-wai-noodles-oriental-style","name":"Oriental Style Instant Noodles","brand":"Wai Wai","imageUrls":["https://shop.coles.com.au/wcsstore/Coles-CAS/images/8/0/4/8049659.jpg"],"storeId":"coles","packageSize":"60g","cupPrice":"$0.83 per 100G","locations":{"VIC":{"price":0.5,"discountRate":23,"promo":"","orgPrice":0.65}},"categoryIds":["c-international-foods"],"similarProductIds":[]},{"id":"whittakers-block-chocolate-dark-almond-62-","name":"Block Chocolate Dark Almond 62%","brand":"Whittaker's","imageUrls":["https://shop.coles.com.au/wcsstore/Coles-CAS/images/3/7/6/3763905.jpg"],"storeId":"coles","packageSize":"200g","cupPrice":"$3.00 per 100G","locations":{"VIC":{"price":6,"discountRate":17,"promo":"Any 2 $10","orgPrice":6}},"categoryIds":["c-international-foods"],"similarProductIds":[]},{"id":"berocca-performance-effervescent-vitamin-tablets-orange-flavour","name":"Energy Vitamin Orange 45 Effervescent Tablets","brand":"Berocca","imageUrls":["https://shop.coles.com.au/wcsstore/Coles-CAS/images/4/6/4/4643421.jpg"],"storeId":"coles","packageSize":"1 Pack","cupPrice":"$17.00 per 1Ea","locations":{"VIC":{"price":17,"discountRate":25,"promo":"","orgPrice":22.8}},"categoryIds":["c-healthy-living","c-health--beauty"],"similarProductIds":[]},{"id":"berocca-performance-effervescent-vitamin-tablets-original-flavour","name":"Energy Vitamin Original Berry 45 Effervescent Tablets","brand":"Berocca","imageUrls":["https://shop.coles.com.au/wcsstore/Coles-CAS/images/5/6/1/5612285.jpg"],"storeId":"coles","packageSize":"1 Pack","cupPrice":"$17.00 per 1Ea","locations":{"VIC":{"price":17,"discountRate":25,"promo":"","orgPrice":22.8}},"categoryIds":["c-healthy-living","c-health--beauty"],"similarProductIds":[]},{"id":"berocca-mango-orange","name":"Energy Vitamin Mango & Orange 45 Effervescent Tablets","brand":"Berocca","imageUrls":["https://shop.coles.com.au/wcsstore/Coles-CAS/images/2/2/7/2279747.jpg"],"storeId":"coles","packageSize":"1 Pack","cupPrice":"$17.00 per 1Ea","locations":{"VIC":{"price":17,"discountRate":25,"promo":"","orgPrice":22.8}},"categoryIds":["c-healthy-living","c-health--beauty"],"similarProductIds":[]},{"id":"elevit-womens-multi-vitamin-tablets","name":"Women's Multi Vitamin Tablets","brand":"Elevit","imageUrls":["https://shop.coles.com.au/wcsstore/Coles-CAS/images/2/8/0/2807244.jpg"],"storeId":"coles","packageSize":"1 Pack","cupPrice":"$26.40 per 1Ea","locations":{"VIC":{"price":26.4,"discountRate":20,"promo":"","orgPrice":33}},"categoryIds":["c-healthy-living","c-health--beauty"],"similarProductIds":[]},{"id":"blackmores-nails-hair-skin-tablets","name":"Nails Hair & Skin Tablets","brand":"Blackmores","imageUrls":["https://shop.coles.com.au/wcsstore/Coles-CAS/images/4/6/4/4643487.jpg"],"storeId":"coles","packageSize":"60 pack","cupPrice":"$20.67 per 100Ea","locations":{"VIC":{"price":12.4,"discountRate":20,"promo":"","orgPrice":15.5}},"categoryIds":["c-healthy-living","c-health--beauty"],"similarProductIds":[]},{"id":"blackmores-evening-primrose-oil","name":"Evening Primrose Oil Tablets","brand":"Blackmores","imageUrls":["https://shop.coles.com.au/wcsstore/Coles-CAS/images/1/8/4/1847141.jpg"],"storeId":"coles","packageSize":"125 pack","cupPrice":"$12.80 per 100Ea","locations":{"VIC":{"price":16,"discountRate":20,"promo":"","orgPrice":20}},"categoryIds":["c-healthy-living","c-health--beauty"],"similarProductIds":[]},{"id":"bubs-organic-little-rollies-hazelnut","name":"Organic Little Rollies Hazelnut & Vanilla Rice Snack","brand":"Bubs","imageUrls":["https://shop.coles.com.au/wcsstore/Coles-CAS/images/3/2/9/3292911.jpg"],"storeId":"coles","packageSize":"25g","cupPrice":"$6.00 per 100G","locations":{"VIC":{"price":1.5,"discountRate":25,"promo":"","orgPrice":2}},"categoryIds":["c-healthy-living","c-baby"],"similarProductIds":[]},{"id":"caltrate-bone-muscle-50","name":"Bone & Muscle Calcium with Vitamin D3 100 Tablets","brand":"Caltrate","imageUrls":["https://shop.coles.com.au/wcsstore/Coles-CAS/images/3/4/6/3469464.jpg"],"storeId":"coles","packageSize":"1 pack","cupPrice":"$8.50 per 1Ea","locations":{"VIC":{"price":8.5,"discountRate":50,"promo":"","orgPrice":17}},"categoryIds":["c-healthy-living","c-health--beauty"],"similarProductIds":[]},{"id":"natures-way-instant-protein-powder-vanilla","name":"Vanilla Instant Protein Powder","brand":"Nature's Way","imageUrls":["https://shop.coles.com.au/wcsstore/Coles-CAS/images/5/6/8/5687604.jpg"],"storeId":"coles","packageSize":"375g","cupPrice":"$4.20 per 100G","locations":{"VIC":{"price":15.75,"discountRate":25,"promo":"","orgPrice":21}},"categoryIds":["c-healthy-living","c-health--beauty"],"similarProductIds":[]},{"id":"natures-way-instant-protein-powder-natural","name":"Natural Instant Protein Powder","brand":"Nature's Way","imageUrls":["https://shop.coles.com.au/wcsstore/Coles-CAS/images/4/2/6/426396.jpg"],"storeId":"coles","packageSize":"375g","cupPrice":"$4.20 per 100G","locations":{"VIC":{"price":15.75,"discountRate":25,"promo":"","orgPrice":21}},"categoryIds":["c-healthy-living","c-health--beauty"],"similarProductIds":[]},{"id":"swisse-vitamins-ultiboost-tablets-magnesium","name":"Ultiboost Magnesium Tablets","brand":"Swisse","imageUrls":["https://shop.coles.com.au/wcsstore/Coles-CAS/images/9/1/3/9131391.jpg"],"storeId":"coles","packageSize":"120 pack","cupPrice":"$14.58 per 100Ea","locations":{"VIC":{"price":17.5,"discountRate":50,"promo":"","orgPrice":35}},"categoryIds":["c-healthy-living","c-health--beauty"],"similarProductIds":[]},{"id":"swisse-vitamins-ultiboost-tablets-sleep","name":"Ultiboost Sleep Tablets","brand":"Swisse","imageUrls":["https://shop.coles.com.au/wcsstore/Coles-CAS/images/6/9/4/6940778.jpg"],"storeId":"coles","packageSize":"60 pack","cupPrice":"$18.33 per 100Ea","locations":{"VIC":{"price":11,"discountRate":50,"promo":"","orgPrice":22}},"categoryIds":["c-healthy-living","c-health--beauty"],"similarProductIds":[]},{"id":"swisse--ultiboost-odorless-wild-fish-oil-capsules","name":"Odourless High Strength Wild Fish Oil Capsules","brand":"Swisse","imageUrls":["https://shop.coles.com.au/wcsstore/Coles-CAS/images/2/8/6/2869478.jpg"],"storeId":"coles","packageSize":"400 pack","cupPrice":"$0.04 per 1Ea","locations":{"VIC":{"price":17.5,"discountRate":50,"promo":"","orgPrice":35}},"categoryIds":["c-healthy-living","c-health--beauty"],"similarProductIds":[]},{"id":"berocca-performance-effervescent-vitamin-tablets-orange-flavour-9467213p","name":"Energy Vitamin Orange 15 Effervescent Tablets","brand":"Berocca","imageUrls":["https://shop.coles.com.au/wcsstore/Coles-CAS/images/9/4/6/9467213.jpg"],"storeId":"coles","packageSize":"1 Pack","cupPrice":"$8.10 per 1Ea","locations":{"VIC":{"price":8.1,"discountRate":25,"promo":"","orgPrice":10.8}},"categoryIds":["c-healthy-living","c-health--beauty"],"similarProductIds":[]},{"id":"bionaturals-stress-formula-3476641p","name":"Stress Formula","brand":"BioNaturals","imageUrls":["https://shop.coles.com.au/wcsstore/Coles-CAS/images/3/4/7/3476641.jpg"],"storeId":"coles","packageSize":"50 pack","cupPrice":"$0.38 per 1Ea","locations":{"VIC":{"price":18.9,"discountRate":30,"promo":"","orgPrice":27}},"categoryIds":["c-healthy-living","c-health--beauty"],"similarProductIds":[]},{"id":"bionaturals-magnesium-boost-3476608p","name":"Magnesium Boost","brand":"BioNaturals","imageUrls":["https://shop.coles.com.au/wcsstore/Coles-CAS/images/3/4/7/3476608.jpg"],"storeId":"coles","packageSize":"70 pack","cupPrice":"$0.27 per 1Ea","locations":{"VIC":{"price":18.9,"discountRate":30,"promo":"","orgPrice":27}},"categoryIds":["c-healthy-living","c-health--beauty"],"similarProductIds":[]},{"id":"bionaturals-b-complex-3476652p","name":"B Complex","brand":"Bionaturals","imageUrls":["https://shop.coles.com.au/wcsstore/ColesResponsiveStorefrontAssetStore/dist/ccfc54aed6e361b650bcf0582f7b576b/img/img_product-placeholder.png"],"storeId":"coles","packageSize":"60 pack","cupPrice":"$31.50 per 100Ea","locations":{"VIC":{"price":18.9,"discountRate":30,"promo":"","orgPrice":27}},"categoryIds":["c-healthy-living","c-health--beauty"],"similarProductIds":[]},{"id":"blackmores-pregnancy-breast-feeding-capsules","name":"Pregnancy & Breast Feeding Capsules","brand":"Blackmores","imageUrls":["https://shop.coles.com.au/wcsstore/Coles-CAS/images/8/2/9/8297184.jpg"],"storeId":"coles","packageSize":"60 pack","cupPrice":"$27.33 per 100Ea","locations":{"VIC":{"price":16.4,"discountRate":20,"promo":"","orgPrice":20.5}},"categoryIds":["c-healthy-living","c-health--beauty"],"similarProductIds":[]},{"id":"blackmore-bio-iron","name":"Bio Iron Advanced Tablets","brand":"Blackmores","imageUrls":["https://shop.coles.com.au/wcsstore/Coles-CAS/images/2/2/6/2268988.jpg"],"storeId":"coles","packageSize":"30 pack","cupPrice":"$50.67 per 100Ea","locations":{"VIC":{"price":15.2,"discountRate":20,"promo":"","orgPrice":19}},"categoryIds":["c-healthy-living","c-health--beauty"],"similarProductIds":[]},{"id":"blackmores-probioticswomens-flora","name":"Probiotics+ Womens Flora Balance","brand":"Blackmores","imageUrls":["https://shop.coles.com.au/wcsstore/Coles-CAS/images/3/4/5/3455460.jpg"],"storeId":"coles","packageSize":"30 pack","cupPrice":"$80.00 per 100Ea","locations":{"VIC":{"price":24,"discountRate":20,"promo":"","orgPrice":30}},"categoryIds":["c-healthy-living","c-health--beauty"],"similarProductIds":[]},{"id":"blackmores-multivitamin-for-men-50-pack","name":"Multivitamin For Men","brand":"Blackmores","imageUrls":["https://shop.coles.com.au/wcsstore/Coles-CAS/images/3/7/0/3709580.jpg"],"storeId":"coles","packageSize":"50 pack","cupPrice":"$0.32 per 1Ea","locations":{"VIC":{"price":16,"discountRate":20,"promo":"","orgPrice":20}},"categoryIds":["c-healthy-living","c-health--beauty"],"similarProductIds":[]},{"id":"bragg-apple-cider-viinegar-ginger-spice-org","name":"Organic Apple Cider Vinegar Ginger Spice Drink","brand":"Bragg","imageUrls":["https://shop.coles.com.au/wcsstore/Coles-CAS/images/3/1/4/3140039.jpg"],"storeId":"coles","packageSize":"473mL","cupPrice":"$1.06 per 100mL","locations":{"VIC":{"price":5,"discountRate":23,"promo":"","orgPrice":6.5}},"categoryIds":["c-healthy-living"],"similarProductIds":[]},{"id":"bragg-apple-cider-vinegar-drink-organic","name":"Organic Apple Cider Vinegar & Honey Drink","brand":"Bragg","imageUrls":["https://shop.coles.com.au/wcsstore/Coles-CAS/images/3/1/4/3140040.jpg"],"storeId":"coles","packageSize":"473mL","cupPrice":"$1.06 per 100mL","locations":{"VIC":{"price":5,"discountRate":23,"promo":"","orgPrice":6.5}},"categoryIds":["c-healthy-living"],"similarProductIds":[]},{"id":"bragg-apple-cider-vinegar-concord-grape","name":"Organic Apple Cider Vinegar Concord Grape Drink","brand":"Bragg","imageUrls":["https://shop.coles.com.au/wcsstore/Coles-CAS/images/3/1/4/3140028.jpg"],"storeId":"coles","packageSize":"473mL","cupPrice":"$1.06 per 100mL","locations":{"VIC":{"price":5,"discountRate":23,"promo":"","orgPrice":6.5}},"categoryIds":["c-healthy-living"],"similarProductIds":[]},{"id":"bubs-organic-little-rollies-coconut","name":"Organic Little Rollies Coconut Quinoa & Millet Snack","brand":"Bubs","imageUrls":["https://shop.coles.com.au/wcsstore/Coles-CAS/images/3/2/9/3292897.jpg"],"storeId":"coles","packageSize":"25g","cupPrice":"$6.00 per 100G","locations":{"VIC":{"price":1.5,"discountRate":25,"promo":"","orgPrice":2}},"categoryIds":["c-healthy-living","c-baby"],"similarProductIds":[]},{"id":"bubs-organic-smiley-sq-mango-purple-carrot","name":"Smiley Squares Mango & Purple Carrot Rice & Quinoa Wafers","brand":"Bubs Organic","imageUrls":["https://shop.coles.com.au/wcsstore/Coles-CAS/images/3/4/9/3496230.jpg"],"storeId":"coles","packageSize":"14g","cupPrice":"$1.07 per 10G","locations":{"VIC":{"price":1.5,"discountRate":25,"promo":"","orgPrice":2}},"categoryIds":["c-healthy-living","c-baby"],"similarProductIds":[]},{"id":"caltrate-plus-calcium-supplement-tablets","name":"Bone & Muscle Health Tablets","brand":"Caltrate","imageUrls":["https://shop.coles.com.au/wcsstore/Coles-CAS/images/9/3/1/9314620.jpg"],"storeId":"coles","packageSize":"100 pack","cupPrice":"$8.50 per 100Ea","locations":{"VIC":{"price":8.5,"discountRate":50,"promo":"","orgPrice":17}},"categoryIds":["c-healthy-living","c-health--beauty"],"similarProductIds":[]},{"id":"centrum-advanced-multivitamin-selct-50plus","name":"Advance 50+ Multivitamin Tablets","brand":"Centrum","imageUrls":["https://shop.coles.com.au/wcsstore/Coles-CAS/images/8/5/9/8599966.jpg"],"storeId":"coles","packageSize":"60 pack","cupPrice":"$14.17 per 100Ea","locations":{"VIC":{"price":8.5,"discountRate":50,"promo":"","orgPrice":17}},"categoryIds":["c-healthy-living","c-health--beauty"],"similarProductIds":[]},{"id":"centrum-advanced-tabs-multi-vitamin-mineral","name":"Advance Multivitamin Tablets","brand":"Centrum","imageUrls":["https://shop.coles.com.au/wcsstore/Coles-CAS/images/8/5/9/8599922.jpg"],"storeId":"coles","packageSize":"60 pack","cupPrice":"$14.17 per 100Ea","locations":{"VIC":{"price":8.5,"discountRate":50,"promo":"","orgPrice":17}},"categoryIds":["c-healthy-living","c-health--beauty"],"similarProductIds":[]},{"id":"centrum-vitamin-multi-for-women","name":"Multivitamin And Mineral Supplement for Women 60 Tablets","brand":"Centrum","imageUrls":["https://shop.coles.com.au/wcsstore/Coles-CAS/images/1/2/8/1281696.jpg"],"storeId":"coles","packageSize":"1 Pack","cupPrice":"$10.00 per 1Ea","locations":{"VIC":{"price":10,"discountRate":50,"promo":"","orgPrice":20}},"categoryIds":["c-healthy-living","c-health--beauty"],"similarProductIds":[]},{"id":"centrum-vitamin-multi-for-men","name":"Multivitamin Tablets For Men","brand":"Centrum","imageUrls":["https://shop.coles.com.au/wcsstore/Coles-CAS/images/1/2/8/1281685.jpg"],"storeId":"coles","packageSize":"","cupPrice":"$16.67 per 100Ea","locations":{"VIC":{"price":10,"discountRate":50,"promo":"","orgPrice":20}},"categoryIds":["c-healthy-living","c-health--beauty"],"similarProductIds":[]},{"id":"comvita-olive-leaf-extract-high-strength-capsules","name":"Olive Leaf Extract High Strength Capsules","brand":"Comvita","imageUrls":["https://shop.coles.com.au/wcsstore/Coles-CAS/images/3/7/5/3758133.jpg"],"storeId":"coles","packageSize":"60 pack","cupPrice":"$0.25 per 1Ea","locations":{"VIC":{"price":15,"discountRate":32,"promo":"","orgPrice":22}},"categoryIds":["c-healthy-living","c-health--beauty"],"similarProductIds":[]},{"id":"elevit-breastfeeding-capsules","name":"Breastfeeding Capsules","brand":"Elevit","imageUrls":["https://shop.coles.com.au/wcsstore/Coles-CAS/images/3/4/0/3404039.jpg"],"storeId":"coles","packageSize":"","cupPrice":"$66.67 per 100Ea","locations":{"VIC":{"price":20,"discountRate":20,"promo":"","orgPrice":25}},"categoryIds":["c-healthy-living","c-health--beauty"],"similarProductIds":[]},{"id":"kynd-multivitamin-skin-30-pack","name":"Multivitamin + Skin","brand":"Kynd","imageUrls":["https://shop.coles.com.au/wcsstore/Coles-CAS/images/3/7/6/3761444.jpg"],"storeId":"coles","packageSize":"30 PACK","cupPrice":"","locations":{"VIC":{"price":21,"discountRate":30,"promo":"","orgPrice":30}},"categoryIds":["c-healthy-living","c-health--beauty"],"similarProductIds":[]},{"id":"kynd-collagen-complete-3761488p","name":"Collagen Complete+","brand":"Kynd","imageUrls":["https://shop.coles.com.au/wcsstore/Coles-CAS/images/3/7/6/3761488.jpg"],"storeId":"coles","packageSize":"","cupPrice":"","locations":{"VIC":{"price":21,"discountRate":30,"promo":"","orgPrice":30}},"categoryIds":["c-healthy-living","c-health--beauty"],"similarProductIds":[]},{"id":"life-space-pregnancy-probiotic","name":"Pregnancy Probiotic Tablets","brand":"Life-Space","imageUrls":["https://shop.coles.com.au/wcsstore/Coles-CAS/images/3/4/4/3449467.jpg"],"storeId":"coles","packageSize":"30 pack","cupPrice":"$0.63 per 1Ea","locations":{"VIC":{"price":18.9,"discountRate":30,"promo":"","orgPrice":27}},"categoryIds":["c-healthy-living","c-health--beauty"],"similarProductIds":[]},{"id":"life-space-shape-b420-probiotic","name":"Shape B420 40 Probiotic Tablets","brand":"Life-Space","imageUrls":["https://shop.coles.com.au/wcsstore/Coles-CAS/images/3/5/1/3513577.jpg"],"storeId":"coles","packageSize":"1 pack","cupPrice":"$18.90 per 1Ea","locations":{"VIC":{"price":18.9,"discountRate":30,"promo":"","orgPrice":27}},"categoryIds":["c-healthy-living","c-health--beauty"],"similarProductIds":[]},{"id":"life-space-probiotic-60-capsules","name":"Probiotic 60+ Years Tablets","brand":"Life-Space","imageUrls":["https://shop.coles.com.au/wcsstore/Coles-CAS/images/3/4/4/3449977.jpg"],"storeId":"coles","packageSize":"40 pack","cupPrice":"$0.47 per 1Ea","locations":{"VIC":{"price":18.9,"discountRate":30,"promo":"","orgPrice":27}},"categoryIds":["c-healthy-living","c-health--beauty"],"similarProductIds":[]},{"id":"life-space-double-strength-probiotic","name":"Double Strength Probiotic Tablets","brand":"Life-Space","imageUrls":["https://shop.coles.com.au/wcsstore/Coles-CAS/images/3/4/4/3449944.jpg"],"storeId":"coles","packageSize":"20 pack","cupPrice":"$0.95 per 1Ea","locations":{"VIC":{"price":18.9,"discountRate":30,"promo":"","orgPrice":27}},"categoryIds":["c-healthy-living","c-health--beauty"],"similarProductIds":[]},{"id":"life-space-broadspectrum-probiotic","name":"Broad Spectrum Probiotic Tablets","brand":"Life-Space","imageUrls":["https://shop.coles.com.au/wcsstore/Coles-CAS/images/3/4/4/3449456.jpg"],"storeId":"coles","packageSize":"40 pack","cupPrice":"$0.47 per 1Ea","locations":{"VIC":{"price":18.9,"discountRate":30,"promo":"","orgPrice":27}},"categoryIds":["c-healthy-living","c-health--beauty"],"similarProductIds":[]},{"id":"life-space-probiotic-powder-for-children","name":"Probiotic Powder For Children 3-12 Years","brand":"Life-Space","imageUrls":["https://shop.coles.com.au/wcsstore/Coles-CAS/images/3/4/4/3449922.jpg"],"storeId":"coles","packageSize":"40g","cupPrice":"$47.25 per 100G","locations":{"VIC":{"price":18.9,"discountRate":30,"promo":"","orgPrice":27}},"categoryIds":["c-healthy-living","c-health--beauty"],"similarProductIds":[]},{"id":"life-space-baby-probiotic-powder","name":"Baby Probiotic Powder 6 Months -3 Years","brand":"Life-Space","imageUrls":["https://shop.coles.com.au/wcsstore/Coles-CAS/images/3/4/4/3449875.jpg"],"storeId":"coles","packageSize":"40g","cupPrice":"$47.25 per 100G","locations":{"VIC":{"price":18.9,"discountRate":30,"promo":"","orgPrice":27}},"categoryIds":["c-healthy-living","c-health--beauty"],"similarProductIds":[]},{"id":"menevit-vitamin-tablets","name":"Male Fertility Vitamin Capsules","brand":"Menevit","imageUrls":["https://shop.coles.com.au/wcsstore/Coles-CAS/images/3/4/0/3404050.jpg"],"storeId":"coles","packageSize":"30 pack","cupPrice":"$80.00 per 100Ea","locations":{"VIC":{"price":24,"discountRate":20,"promo":"","orgPrice":30}},"categoryIds":["c-healthy-living","c-health--beauty"],"similarProductIds":[]},{"id":"natures-way-instant-protein-powder-chocolate","name":"Instant Chocolate Protein Powder","brand":"Nature's Way","imageUrls":["https://shop.coles.com.au/wcsstore/Coles-CAS/images/9/3/1/9314766.jpg"],"storeId":"coles","packageSize":"375g","cupPrice":"$4.20 per 100G","locations":{"VIC":{"price":15.75,"discountRate":25,"promo":"","orgPrice":21}},"categoryIds":["c-healthy-living","c-health--beauty"],"similarProductIds":[]},{"id":"natures-way-instant-natural-protein-with-super-greens-powder","name":"Instant Natural Protein with Super Greens Powder","brand":"Nature's Way","imageUrls":["https://shop.coles.com.au/wcsstore/Coles-CAS/images/2/9/0/2902303.jpg"],"storeId":"coles","packageSize":"300g","cupPrice":"$6.25 per 100G","locations":{"VIC":{"price":18.75,"discountRate":25,"promo":"","orgPrice":25}},"categoryIds":["c-healthy-living","c-health--beauty"],"similarProductIds":[]},{"id":"panadol-childrens-soluble-straw7","name":"Children 7+ Years Fever & Pain Relief Strawberry Soluble Tablets","brand":"Panadol","imageUrls":["https://shop.coles.com.au/wcsstore/Coles-CAS/images/4/9/3/4933851.jpg"],"storeId":"coles","packageSize":"16 pack","cupPrice":"$0.22 per 1Ea","locations":{"VIC":{"price":3.5,"discountRate":13,"promo":"","orgPrice":4}},"categoryIds":["c-healthy-living","c-health--beauty"],"similarProductIds":[]},{"id":"swisse-vitamins-ultiboost-vitamin-d","name":"Ultiboost Vitamin D Capsules","brand":"Swisse","imageUrls":["https://shop.coles.com.au/wcsstore/Coles-CAS/images/8/0/9/8098927.jpg"],"storeId":"coles","packageSize":"250 pack","cupPrice":"$5.20 per 100Ea","locations":{"VIC":{"price":13,"discountRate":50,"promo":"","orgPrice":26}},"categoryIds":["c-healthy-living","c-health--beauty"],"similarProductIds":[]},{"id":"swisse-vitamins-ultiboost-tablets-liver-detox","name":"Ultiboost Liver Detox Tablets","brand":"Swisse","imageUrls":["https://shop.coles.com.au/wcsstore/Coles-CAS/images/7/5/1/7514979.jpg"],"storeId":"coles","packageSize":"60 pack","cupPrice":"$17.67 per 100Ea","locations":{"VIC":{"price":10.6,"discountRate":50,"promo":"","orgPrice":21.2}},"categoryIds":["c-healthy-living","c-health--beauty"],"similarProductIds":[]},{"id":"swisse-vitamins-ultiboost-tablets-hair-skin-nails","name":"Ultiboost Hair Skin & Nails Tablets","brand":"Swisse","imageUrls":["https://shop.coles.com.au/wcsstore/Coles-CAS/images/7/1/0/7109303.jpg"],"storeId":"coles","packageSize":"60 pack","cupPrice":"$19.17 per 100Ea","locations":{"VIC":{"price":11.5,"discountRate":50,"promo":"","orgPrice":23}},"categoryIds":["c-healthy-living","c-health--beauty"],"similarProductIds":[]},{"id":"swisse-vitamins-ultivite-tablets-50-plus-women","name":"Ultivite Women's 50+ Multi Vitamins","brand":"Swisse","imageUrls":["https://shop.coles.com.au/wcsstore/Coles-CAS/images/6/2/7/6279818.jpg"],"storeId":"coles","packageSize":"60 pack","cupPrice":"$30.00 per 100Ea","locations":{"VIC":{"price":18,"discountRate":50,"promo":"","orgPrice":36}},"categoryIds":["c-healthy-living","c-health--beauty"],"similarProductIds":[]},{"id":"swisse-vitamins-ultivite-tablets-formula-1-multi-women","name":"Ultivite Women's Formula 1 Multi Vitamins","brand":"Swisse","imageUrls":["https://shop.coles.com.au/wcsstore/Coles-CAS/images/6/2/8/6280475.jpg"],"storeId":"coles","packageSize":"60 pack","cupPrice":"$24.17 per 100Ea","locations":{"VIC":{"price":14.5,"discountRate":50,"promo":"","orgPrice":29}},"categoryIds":["c-healthy-living","c-health--beauty"],"similarProductIds":[]},{"id":"swisse-vitamins-ultivite-tablets-50-plus-men","name":"Men's Ultivite 50+ Multi Vitamin 60 Tablets","brand":"Swisse","imageUrls":["https://shop.coles.com.au/wcsstore/Coles-CAS/images/6/2/7/6279807.jpg"],"storeId":"coles","packageSize":"1 pack","cupPrice":"$18.00 per 1Ea","locations":{"VIC":{"price":18,"discountRate":50,"promo":"","orgPrice":36}},"categoryIds":["c-healthy-living","c-health--beauty"],"similarProductIds":[]},{"id":"swisse-vitamins-ultivite-tablets-formula-1-multi-men","name":"Men's Ultivite Multi Vitamin Tablets","brand":"Swisse","imageUrls":["https://shop.coles.com.au/wcsstore/Coles-CAS/images/6/2/8/6280464.jpg"],"storeId":"coles","packageSize":"60 pack","cupPrice":"$24.17 per 100Ea","locations":{"VIC":{"price":14.5,"discountRate":50,"promo":"","orgPrice":29}},"categoryIds":["c-healthy-living","c-health--beauty"],"similarProductIds":[]},{"id":"swisse-ultiboost-relax-sleep-tablets","name":"Ultiboost Relax & Sleep 60 Tablets","brand":"Swisse","imageUrls":["https://shop.coles.com.au/wcsstore/Coles-CAS/images/1/2/8/1281437.jpg"],"storeId":"coles","packageSize":"1 pack","cupPrice":"$16.00 per 1Ea","locations":{"VIC":{"price":16,"discountRate":50,"promo":"","orgPrice":32}},"categoryIds":["c-healthy-living","c-health--beauty"],"similarProductIds":[]},{"id":"swisse--mens-power-ultivite-tablets","name":"Men's Power Ultivite Advanced Formula Tablets","brand":"Swisse","imageUrls":["https://shop.coles.com.au/wcsstore/Coles-CAS/images/1/7/8/1783741.jpg"],"storeId":"coles","packageSize":"40 pack","cupPrice":"$42.50 per 100Ea","locations":{"VIC":{"price":17,"discountRate":50,"promo":"","orgPrice":34}},"categoryIds":["c-healthy-living","c-health--beauty"],"similarProductIds":[]},{"id":"swisse--ultiboost-glucosamine-sulfate-tablets","name":"Ultiboost Glucosamine Sulfate Tablets","brand":"Swisse","imageUrls":["https://shop.coles.com.au/wcsstore/Coles-CAS/images/2/8/6/2868817.jpg"],"storeId":"coles","packageSize":"180 pack","cupPrice":"$0.12 per 1Ea","locations":{"VIC":{"price":21,"discountRate":50,"promo":"","orgPrice":42}},"categoryIds":["c-healthy-living","c-health--beauty"],"similarProductIds":[]},{"id":"swisse-ultiboost-odless-wld-fshoil-1000mg-400-pck","name":"Ultiboost Odourless Wild Fish Oil 1000mg Capsules","brand":"Swisse","imageUrls":["https://shop.coles.com.au/wcsstore/Coles-CAS/images/8/0/9/8099067.jpg"],"storeId":"coles","packageSize":"400 pack","cupPrice":"$3.50 per 100Ea","locations":{"VIC":{"price":14,"discountRate":50,"promo":"","orgPrice":28}},"categoryIds":["c-healthy-living","c-health--beauty"],"similarProductIds":[]},{"id":"swisse-ultiboost-tabs-executive-focus","name":"Ultiboost Memory + Focus 50 Tablets","brand":"Swisse","imageUrls":["https://shop.coles.com.au/wcsstore/Coles-CAS/images/7/1/0/7109289.jpg"],"storeId":"coles","packageSize":"1 pack","cupPrice":"$14.50 per 1Ea","locations":{"VIC":{"price":14.5,"discountRate":50,"promo":"","orgPrice":29}},"categoryIds":["c-healthy-living","c-health--beauty"],"similarProductIds":[]},{"id":"swisse-ultiboost-mega-b--tablets","name":"Ultiboost Mega B + Tablets","brand":"Swisse","imageUrls":["https://shop.coles.com.au/wcsstore/Coles-CAS/images/2/9/1/2911745.jpg"],"storeId":"coles","packageSize":"60 pack","cupPrice":"$35.00 per 100Ea","locations":{"VIC":{"price":21,"discountRate":50,"promo":"","orgPrice":42}},"categoryIds":["c-healthy-living","c-health--beauty"],"similarProductIds":[]},{"id":"swisse-high-strength-organic-spirulina-tablets","name":"High Strength Organic Spirulina Tablets","brand":"Swisse","imageUrls":["https://shop.coles.com.au/wcsstore/Coles-CAS/images/2/8/6/2869489.jpg"],"storeId":"coles","packageSize":"200 pack","cupPrice":"$12.00 per 100Ea","locations":{"VIC":{"price":24,"discountRate":50,"promo":"","orgPrice":48}},"categoryIds":["c-healthy-living","c-health--beauty"],"similarProductIds":[]},{"id":"swisse-ultivite-womens-tablets","name":"Women's Ultivite Multivitamin 30 Tablets","brand":"Swisse","imageUrls":["https://shop.coles.com.au/wcsstore/Coles-CAS/images/3/2/8/3287456.jpg"],"storeId":"coles","packageSize":"1 Pack","cupPrice":"$10.00 per 1Ea","locations":{"VIC":{"price":10,"discountRate":50,"promo":"","orgPrice":20}},"categoryIds":["c-healthy-living","c-health--beauty"],"similarProductIds":[]},{"id":"swisse-ultivite-mens-tablets","name":"Men's Ultivite Multivitamin","brand":"Swisse","imageUrls":["https://shop.coles.com.au/wcsstore/Coles-CAS/images/3/2/8/3287434.jpg"],"storeId":"coles","packageSize":"30 Pack","cupPrice":"$0.33 per 1Ea","locations":{"VIC":{"price":10,"discountRate":50,"promo":"","orgPrice":20}},"categoryIds":["c-healthy-living","c-health--beauty"],"similarProductIds":[]},{"id":"swisse-ultiboost-magnesium-calcium-vit-d","name":"Ultiboost Magnesium Calcium + D3 120 Tablets","brand":"Swisse","imageUrls":["https://shop.coles.com.au/wcsstore/Coles-CAS/images/1/7/8/1783694.jpg"],"storeId":"coles","packageSize":"1 pack","cupPrice":"$12.50 per 1Ea","locations":{"VIC":{"price":12.5,"discountRate":50,"promo":"","orgPrice":25}},"categoryIds":["c-healthy-living","c-health--beauty"],"similarProductIds":[]},{"id":"swisse-ultiboost-magnesium-3469351p","name":"Ultiboost Magnesium 150mg 200 Tablets","brand":"Swisse","imageUrls":["https://shop.coles.com.au/wcsstore/Coles-CAS/images/3/4/6/3469351.jpg"],"storeId":"coles","packageSize":"1 pack","cupPrice":"$19.50 per 1Ea","locations":{"VIC":{"price":19.5,"discountRate":50,"promo":"","orgPrice":39}},"categoryIds":["c-healthy-living","c-health--beauty"],"similarProductIds":[]},{"id":"swisse-ultiboost-hs-coq10-300mg","name":"Ultiboost High Strength  Co-Enzyme Q10 300mg 90 Capsules","brand":"Swisse","imageUrls":["https://shop.coles.com.au/wcsstore/Coles-CAS/images/3/4/6/3469330.jpg"],"storeId":"coles","packageSize":"1 pack","cupPrice":"$19.50 per 1Ea","locations":{"VIC":{"price":19.5,"discountRate":50,"promo":"","orgPrice":39}},"categoryIds":["c-healthy-living","c-health--beauty"],"similarProductIds":[]},{"id":"swisse-ultibiotic-daily-digestive-probiotic","name":"Ultibiotic Daily Digestive Probiotic 30 Capsules","brand":"Swisse","imageUrls":["https://shop.coles.com.au/wcsstore/Coles-CAS/images/3/4/6/3469260.jpg"],"storeId":"coles","packageSize":"1 pack","cupPrice":"$16.00 per 1Ea","locations":{"VIC":{"price":16,"discountRate":50,"promo":"","orgPrice":32}},"categoryIds":["c-healthy-living","c-health--beauty"],"similarProductIds":[]},{"id":"swisse-ultinatal-pre-conception-preg","name":"Ultinatal Pre-conception & Pregnancy Multivitamin 60 Capsules","brand":"Swisse","imageUrls":["https://shop.coles.com.au/wcsstore/Coles-CAS/images/3/4/6/3468869.jpg"],"storeId":"coles","packageSize":"1 pack","cupPrice":"$14.50 per 1Ea","locations":{"VIC":{"price":14.5,"discountRate":50,"promo":"","orgPrice":29}},"categoryIds":["c-healthy-living","c-health--beauty"],"similarProductIds":[]},{"id":"swisse-ultibiotic-daily-ibs-probiotic","name":"Ultibiotic Daily IBS Probiotic Capsules","brand":"Swisse","imageUrls":["https://shop.coles.com.au/wcsstore/Coles-CAS/images/3/4/6/3469282.jpg"],"storeId":"coles","packageSize":"30 pack","cupPrice":"$53.34 per 100Ea","locations":{"VIC":{"price":16,"discountRate":50,"promo":"","orgPrice":32}},"categoryIds":["c-healthy-living","c-health--beauty"],"similarProductIds":[]},{"id":"swisse-ultinatal-breastfeeding-support","name":"Ultinatal Breastfeeding Support Tablets","brand":"Swisse","imageUrls":["https://shop.coles.com.au/wcsstore/Coles-CAS/images/3/4/6/3468870.jpg"],"storeId":"coles","packageSize":"90 pack","cupPrice":"$0.16 per 1Ea","locations":{"VIC":{"price":14.5,"discountRate":50,"promo":"","orgPrice":29}},"categoryIds":["c-healthy-living","c-health--beauty"],"similarProductIds":[]},{"id":"swisse-ultiboost-magnesium-sleep-powder","name":"Ultiboost Lemon & Honey Magnesium + Sleep Powder","brand":"Swisse","imageUrls":["https://shop.coles.com.au/wcsstore/Coles-CAS/images/3/4/7/3479570.jpg"],"storeId":"coles","packageSize":"180g","cupPrice":"$11.11 per 100G","locations":{"VIC":{"price":20,"discountRate":50,"promo":"","orgPrice":40}},"categoryIds":["c-healthy-living","c-health--beauty"],"similarProductIds":[]},{"id":"swisse-ultivite-womens-everday-wellness-blend-3625050p","name":"Ultivite Women's Multivitamin + Superfood","brand":"Swisse","imageUrls":["https://shop.coles.com.au/wcsstore/Coles-CAS/images/3/6/2/3625050.jpg"],"storeId":"coles","packageSize":"7 pack","cupPrice":"$1.43 per 1Ea","locations":{"VIC":{"price":10,"discountRate":50,"promo":"","orgPrice":20}},"categoryIds":["c-healthy-living","c-health--beauty"],"similarProductIds":[]},{"id":"swisse-beauty-collagen-renew-powder-3758359p","name":"Beauty Collagen Renew Powder","brand":"Swisse","imageUrls":["https://shop.coles.com.au/wcsstore/Coles-CAS/images/3/7/5/3758359.jpg"],"storeId":"coles","packageSize":"120g","cupPrice":"$12.08 per 100G","locations":{"VIC":{"price":14.5,"discountRate":52,"promo":"","orgPrice":30}},"categoryIds":["c-healthy-living","c-health--beauty"],"similarProductIds":[]},{"id":"swisse-beauty-collagen-balance-powder-3765434p","name":"Beauty Collagen Balance Powder","brand":"Swisse","imageUrls":["https://shop.coles.com.au/wcsstore/Coles-CAS/images/3/7/6/3765434.jpg"],"storeId":"coles","packageSize":"120 GRAM","cupPrice":"","locations":{"VIC":{"price":14.5,"discountRate":52,"promo":"","orgPrice":30}},"categoryIds":["c-healthy-living","c-health--beauty"],"similarProductIds":[]},{"id":"swisse-hs-australian-apple-cider-vinegar-3758304p","name":"High Strength Australian Apple Cider Vinegar","brand":"Swisse","imageUrls":["https://shop.coles.com.au/wcsstore/Coles-CAS/images/3/7/5/3758304.jpg"],"storeId":"coles","packageSize":"60 PACK","cupPrice":"","locations":{"VIC":{"price":8.5,"discountRate":50,"promo":"","orgPrice":17}},"categoryIds":["c-healthy-living","c-health--beauty"],"similarProductIds":[]},{"id":"swisse-high-strength-magnesium-powder-berry","name":"High Strength Magnesium Powder Berry","brand":"Swisse","imageUrls":["https://shop.coles.com.au/wcsstore/Coles-CAS/images/3/7/5/3758268.jpg"],"storeId":"coles","packageSize":"180g","cupPrice":"$8.33 per 100G","locations":{"VIC":{"price":15,"discountRate":50,"promo":"","orgPrice":30}},"categoryIds":["c-healthy-living","c-health--beauty"],"similarProductIds":[]},{"id":"swisse-pure-hemp-sed-oil","name":"Hemp Seed Oil Pure","brand":"Swisse","imageUrls":["https://shop.coles.com.au/wcsstore/Coles-CAS/images/3/7/5/3758360.jpg"],"storeId":"coles","packageSize":"60 PACK","cupPrice":"","locations":{"VIC":{"price":12.5,"discountRate":50,"promo":"","orgPrice":25}},"categoryIds":["c-healthy-living","c-health--beauty"],"similarProductIds":[]},{"id":"swisse-ultibost-high-strength-organic-tumeric-3758290p","name":"Ultiboost High Strength Organic Tumeric","brand":"Swisse","imageUrls":["https://shop.coles.com.au/wcsstore/Coles-CAS/images/3/7/5/3758290.jpg"],"storeId":"coles","packageSize":"30 PACK","cupPrice":"","locations":{"VIC":{"price":12.5,"discountRate":50,"promo":"","orgPrice":25}},"categoryIds":["c-healthy-living","c-health--beauty"],"similarProductIds":[]},{"id":"swisse-high-strength-magnesium-powder-orange","name":"High Strength Magnesium Powder Orange","brand":"Swisse","imageUrls":["https://shop.coles.com.au/wcsstore/Coles-CAS/images/3/7/5/3758257.jpg"],"storeId":"coles","packageSize":"180g","cupPrice":"$8.33 per 100G","locations":{"VIC":{"price":15,"discountRate":50,"promo":"","orgPrice":30}},"categoryIds":["c-healthy-living","c-health--beauty"],"similarProductIds":[]},{"id":"sanitarium-nutmeat","name":"Nut Meat","brand":"Vegie Delights","imageUrls":["https://shop.coles.com.au/wcsstore/Coles-CAS/images/6/0/5/6059709.jpg"],"storeId":"coles","packageSize":"415g","cupPrice":"$0.81 per 100G","locations":{"VIC":{"price":3.35,"discountRate":0,"promo":"","orgPrice":3.35}},"categoryIds":["c-healthy-living"],"similarProductIds":[]},{"id":"sanitarium-nutolene","name":"Gluten Free Nutolene","brand":"Vegie Delights","imageUrls":["https://shop.coles.com.au/wcsstore/Coles-CAS/images/6/0/5/6059356.jpg"],"storeId":"coles","packageSize":"415g","cupPrice":"$0.81 per 100G","locations":{"VIC":{"price":3.35,"discountRate":0,"promo":"","orgPrice":3.35}},"categoryIds":["c-healthy-living"],"similarProductIds":[]},{"id":"vitaqik-liposomal-turmeric-spray","name":"Liposomal Turmeric Spray","brand":"Vitaqik","imageUrls":["https://shop.coles.com.au/wcsstore/Coles-CAS/images/3/7/5/3758177.jpg"],"storeId":"coles","packageSize":"50mL","cupPrice":"$20.00 per 100mL","locations":{"VIC":{"price":10,"discountRate":50,"promo":"","orgPrice":20}},"categoryIds":["c-healthy-living","c-health--beauty"],"similarProductIds":[]},{"id":"vitaqik-liposomal-vitamin-c-spray","name":"Liposomal Vitamin C Spray","brand":"Vitaqik","imageUrls":["https://shop.coles.com.au/wcsstore/Coles-CAS/images/3/7/5/3758188.jpg"],"storeId":"coles","packageSize":"50mL","cupPrice":"$20.00 per 100mL","locations":{"VIC":{"price":10,"discountRate":50,"promo":"","orgPrice":20}},"categoryIds":["c-healthy-living","c-health--beauty"],"similarProductIds":[]},{"id":"voost-isotonic-orange-tablets","name":"Isotonic Orange Tablets","brand":"Voost","imageUrls":["https://shop.coles.com.au/wcsstore/Coles-CAS/images/2/0/1/2015304.jpg"],"storeId":"coles","packageSize":"10 pack","cupPrice":"$0.80 per 1Ea","locations":{"VIC":{"price":8,"discountRate":20,"promo":"","orgPrice":10}},"categoryIds":["c-healthy-living","c-health--beauty"],"similarProductIds":[]},{"id":"voost-iron-plus-effervescent-tablets","name":"Iron Plus Raspberry 10 Effervescent Tablets","brand":"Voost","imageUrls":["https://shop.coles.com.au/wcsstore/Coles-CAS/images/2/9/0/2900421.jpg"],"storeId":"coles","packageSize":"1 pack","cupPrice":"$3.00 per 1Ea","locations":{"VIC":{"price":3,"discountRate":14,"promo":"","orgPrice":3.5}},"categoryIds":["c-healthy-living","c-health--beauty"],"similarProductIds":[]},{"id":"pine-o-cleen-surface-wipes-lemon-lime","name":"Disinfectant Wipes Lemon Lime","brand":"Pine O Cleen","imageUrls":["https://shop.coles.com.au/wcsstore/Coles-CAS/images/2/8/9/2892571.jpg"],"storeId":"coles","packageSize":"120 pack","cupPrice":"$5.83 per 100Ea","locations":{"VIC":{"price":7,"discountRate":30,"promo":"","orgPrice":10}},"categoryIds":["c-household"],"similarProductIds":[]},{"id":"vanish-napisan-gold-pro-oxiaction","name":"Napisan Gold Pro Oxi Action Powder Fabric Stain Remover","brand":"Vanish","imageUrls":["https://shop.coles.com.au/wcsstore/Coles-CAS/images/3/3/1/3315948.jpg"],"storeId":"coles","packageSize":"1.8kg","cupPrice":"$12.22 per 1Kg","locations":{"VIC":{"price":22,"discountRate":27,"promo":"Any 2 $32","orgPrice":22}},"categoryIds":["c-household"],"similarProductIds":[]},{"id":"harpic-itb-toilet-cleaner-blue-power","name":"Blue Power Toilet Cleaner","brand":"Harpic","imageUrls":["https://shop.coles.com.au/wcsstore/Coles-CAS/images/3/2/2/3224955.jpg"],"storeId":"coles","packageSize":"39g","cupPrice":"$12.82 per 100G","locations":{"VIC":{"price":5,"discountRate":30,"promo":"Any 2 $7","orgPrice":5}},"categoryIds":["c-household"],"similarProductIds":[]},{"id":"omo-active-clean-front-top-loader-laundry-powder-2731561p","name":"Active Clean Front & Top Loader Laundry Detergent Washing Powder","brand":"OMO","imageUrls":["https://shop.coles.com.au/wcsstore/Coles-CAS/images/2/7/3/2731561.jpg"],"storeId":"coles","packageSize":"2kg","cupPrice":"$7.00 per 1Kg","locations":{"VIC":{"price":14,"discountRate":36,"promo":"","orgPrice":22}},"categoryIds":["c-household"],"similarProductIds":[]},{"id":"windex-shower-cleaner-trigger-pack","name":"Shower Cleaner Trigger Spray","brand":"Windex","imageUrls":["https://shop.coles.com.au/wcsstore/Coles-CAS/images/7/8/3/7831461.jpg"],"storeId":"coles","packageSize":"750mL","cupPrice":"$0.56 per 100mL","locations":{"VIC":{"price":4.2,"discountRate":25,"promo":"","orgPrice":5.6}},"categoryIds":["c-household"],"similarProductIds":[]},{"id":"air-wick-pure-refill-freshmatic-soft-cotton","name":"Pure Freshmatic Soft Cotton Refill","brand":"Air Wick","imageUrls":["https://shop.coles.com.au/wcsstore/Coles-CAS/images/3/0/5/3059429.jpg"],"storeId":"coles","packageSize":"159g","cupPrice":"$5.10 per 100G","locations":{"VIC":{"price":8,"discountRate":19,"promo":"Any 2 $13","orgPrice":8}},"categoryIds":["c-household"],"similarProductIds":[]},{"id":"bic-cristal-pens","name":"Cristal Easy Glide Assorted Pens 10 Pieces","brand":"BIC","imageUrls":["https://shop.coles.com.au/wcsstore/Coles-CAS/images/1/8/6/1868640.jpg"],"storeId":"coles","packageSize":"1 pack","cupPrice":"$5.00 per 1Ea","locations":{"VIC":{"price":5,"discountRate":20,"promo":"Any 2 $8","orgPrice":5}},"categoryIds":["c-household"],"similarProductIds":[]},{"id":"vanish-napisan-gold-pro-oxiaction-crystal-white-3315959p","name":"Napisan Gold Pro Oxi Action Crystal White Powder Fabric Stain Remover","brand":"Vanish","imageUrls":["https://shop.coles.com.au/wcsstore/Coles-CAS/images/3/3/1/3315959.jpg"],"storeId":"coles","packageSize":"1.8kg","cupPrice":"$12.22 per 1Kg","locations":{"VIC":{"price":22,"discountRate":27,"promo":"Any 2 $32","orgPrice":22}},"categoryIds":["c-household"],"similarProductIds":[]},{"id":"pine-o-cleen-surface-wipes-tropical-blossom","name":"Tropical Blossom Disinfectant Wipes","brand":"Pine O Cleen","imageUrls":["https://shop.coles.com.au/wcsstore/Coles-CAS/images/3/3/1/3314683.jpg"],"storeId":"coles","packageSize":"120 pack","cupPrice":"$5.83 per 100Ea","locations":{"VIC":{"price":7,"discountRate":30,"promo":"","orgPrice":10}},"categoryIds":["c-household"],"similarProductIds":[]},{"id":"harpic-fresh-power-6-itb-toilet-cleaner-marine-splash","name":"Fresh Power6 Toilet Cleaner Marine Splash","brand":"Harpic","imageUrls":["https://shop.coles.com.au/wcsstore/Coles-CAS/images/3/0/3/3035023.jpg"],"storeId":"coles","packageSize":"39g","cupPrice":"$12.82 per 100G","locations":{"VIC":{"price":5,"discountRate":30,"promo":"Any 2 $7","orgPrice":5}},"categoryIds":["c-household"],"similarProductIds":[]},{"id":"omo-sensitive-front-top-laundry-powder","name":"Sensitive Top & Front Loader Laundry Detergent Washing Powder","brand":"OMO","imageUrls":["https://shop.coles.com.au/wcsstore/Coles-CAS/images/2/7/3/2731776.jpg"],"storeId":"coles","packageSize":"2kg","cupPrice":"$7.00 per 1Kg","locations":{"VIC":{"price":14,"discountRate":36,"promo":"","orgPrice":22}},"categoryIds":["c-household"],"similarProductIds":[]},{"id":"omo-active-clean-front-top-loader-laundry-liquid-2731007p","name":"Active Clean Top & Front Loader Laundry Liquid Detergent","brand":"OMO","imageUrls":["https://shop.coles.com.au/wcsstore/Coles-CAS/images/2/7/3/2731007.jpg"],"storeId":"coles","packageSize":"2L","cupPrice":"$7.00 per 1L","locations":{"VIC":{"price":14,"discountRate":36,"promo":"","orgPrice":22}},"categoryIds":["c-household"],"similarProductIds":[]},{"id":"harpic-fresh-power-6-itb-toilet-cleaner-tropical-blossom","name":"Fresh Power6 Toilet Cleaner Tropical Blossom","brand":"Harpic","imageUrls":["https://shop.coles.com.au/wcsstore/Coles-CAS/images/3/0/3/3035012.jpg"],"storeId":"coles","packageSize":"39g","cupPrice":"$12.82 per 100G","locations":{"VIC":{"price":5,"discountRate":30,"promo":"Any 2 $7","orgPrice":5}},"categoryIds":["c-household"],"similarProductIds":[]},{"id":"harpic-fresh-power-toilet-cleaner-tropical-blossom","name":"Fresh Power Toilet Cleaner Tropical Blossom","brand":"Harpic","imageUrls":["https://shop.coles.com.au/wcsstore/Coles-CAS/images/3/0/3/3035067.jpg"],"storeId":"coles","packageSize":"700mL","cupPrice":"$0.71 per 100mL","locations":{"VIC":{"price":5,"discountRate":30,"promo":"Any 2 $7","orgPrice":5}},"categoryIds":["c-household"],"similarProductIds":[]},{"id":"comfort-fabric-softener-pure","name":"Pure White Fabric Softener","brand":"Comfort","imageUrls":["https://shop.coles.com.au/wcsstore/Coles-CAS/images/8/2/1/8210936.jpg"],"storeId":"coles","packageSize":"800mL","cupPrice":"$4.38 per 1L","locations":{"VIC":{"price":3.5,"discountRate":50,"promo":"","orgPrice":7}},"categoryIds":["c-household"],"similarProductIds":[]},{"id":"wood-magic-cleaner-floor-liquid","name":"Wood Magic Liquid Floor Cleaner","brand":"Pledge","imageUrls":["https://shop.coles.com.au/wcsstore/Coles-CAS/images/6/9/6/6969259.jpg"],"storeId":"coles","packageSize":"500mL","cupPrice":"$0.97 per 100mL","locations":{"VIC":{"price":4.85,"discountRate":24,"promo":"","orgPrice":6.3999999999999995}},"categoryIds":["c-household"],"similarProductIds":[]},{"id":"bref-blue-active-toilet-cleaner-eucalyptus","name":"Blue Active Toilet Cleaner Eucalyptus","brand":"Bref","imageUrls":["https://shop.coles.com.au/wcsstore/Coles-CAS/images/3/0/3/3032819.jpg"],"storeId":"coles","packageSize":"50g","cupPrice":"$6.00 per 100G","locations":{"VIC":{"price":3,"discountRate":50,"promo":"","orgPrice":6}},"categoryIds":["c-household"],"similarProductIds":[]},{"id":"chux-superwipes-regular-cloths","name":"Superwipes Regular Cleaning Cloths 60cm X 30cm","brand":"Chux","imageUrls":["https://shop.coles.com.au/wcsstore/Coles-CAS/images/1/1/2/112365.jpg"],"storeId":"coles","packageSize":"10 pack","cupPrice":"$0.30 per 1Ea","locations":{"VIC":{"price":2.99,"discountRate":25,"promo":"","orgPrice":4}},"categoryIds":["c-household"],"similarProductIds":[]},{"id":"comfort--fabric-softener-sky-blue","name":"Sky Blue Fabric Softener","brand":"Comfort","imageUrls":["https://shop.coles.com.au/wcsstore/Coles-CAS/images/8/2/1/8211043.jpg"],"storeId":"coles","packageSize":"800mL","cupPrice":"$4.38 per 1L","locations":{"VIC":{"price":3.5,"discountRate":50,"promo":"","orgPrice":7}},"categoryIds":["c-household"],"similarProductIds":[]},{"id":"fairy-platinum-lemon-dishwasher-tablets","name":"All In One Platinum Lemon Dishwasher Capsules","brand":"Fairy","imageUrls":["https://shop.coles.com.au/wcsstore/Coles-CAS/images/2/8/6/2860735.jpg"],"storeId":"coles","packageSize":"18 pack","cupPrice":"$0.55 per 1Ea","locations":{"VIC":{"price":9.9,"discountRate":0,"promo":"","orgPrice":9.9}},"categoryIds":["c-household"],"similarProductIds":[]},{"id":"windex--multi-surface-cleaner-trigger","name":"Multi Surface & Glass Cleaner Trigger Spray","brand":"Windex","imageUrls":["https://shop.coles.com.au/wcsstore/Coles-CAS/images/7/4/3/7438021.jpg"],"storeId":"coles","packageSize":"750mL","cupPrice":"$0.51 per 100mL","locations":{"VIC":{"price":3.85,"discountRate":20,"promo":"","orgPrice":4.8}},"categoryIds":["c-household"],"similarProductIds":[]},{"id":"radiant-whites-colours-laundry-liquid","name":"Whites & Colours Laundry Liquid","brand":"Radiant","imageUrls":["https://shop.coles.com.au/wcsstore/Coles-CAS/images/2/3/9/2399341.jpg"],"storeId":"coles","packageSize":"4L","cupPrice":"$3.75 per 1L","locations":{"VIC":{"price":15,"discountRate":0,"promo":"","orgPrice":15}},"categoryIds":["c-household"],"similarProductIds":[]},{"id":"handee-ultra-paper-towels-white","name":"Ultra White Paper Towels","brand":"Handee","imageUrls":["https://shop.coles.com.au/wcsstore/Coles-CAS/images/7/3/1/7316589.jpg"],"storeId":"coles","packageSize":"4 pack","cupPrice":"$1.15 per 100Ea","locations":{"VIC":{"price":2.75,"discountRate":50,"promo":"","orgPrice":5.5}},"categoryIds":["c-household"],"similarProductIds":[]},{"id":"morning-fresh-sweet-pea-freesia-limited-edition-dishwashing-liquid","name":"Dishwashing Liquid Limited Edition Watermelon & Pomegranate","brand":"Morning Fresh","imageUrls":["https://shop.coles.com.au/wcsstore/Coles-CAS/images/2/2/2/2225384.jpg"],"storeId":"coles","packageSize":"400mL","cupPrice":"$1.08 per 100mL","locations":{"VIC":{"price":4.3,"discountRate":42,"promo":"Any 2 $5","orgPrice":4.3}},"categoryIds":["c-household"],"similarProductIds":[]},{"id":"finish-dishwasher-rinse-aid-regular","name":"Regular Rinse Aid for Dishwashers","brand":"Finish","imageUrls":["https://shop.coles.com.au/wcsstore/Coles-CAS/images/5/8/7/5870735.jpg"],"storeId":"coles","packageSize":"500mL","cupPrice":"$1.80 per 100mL","locations":{"VIC":{"price":9,"discountRate":28,"promo":"2 for $13","orgPrice":9}},"categoryIds":["c-household"],"similarProductIds":[]},{"id":"finish-0-dishwashing-tablets-3513318p","name":"Dishwasher Tablets","brand":"Finish","imageUrls":["https://shop.coles.com.au/wcsstore/Coles-CAS/images/3/5/1/3513318.jpg"],"storeId":"coles","packageSize":"42 pack","cupPrice":"$0.38 per 1Ea","locations":{"VIC":{"price":16,"discountRate":50,"promo":"","orgPrice":32}},"categoryIds":["c-household"],"similarProductIds":[]},{"id":"harpic-eco-fresh-toilet-gel-eucalyptus","name":"Eco Fresh Toilet Gel Eucalyptus","brand":"Harpic","imageUrls":["https://shop.coles.com.au/wcsstore/Coles-CAS/images/3/7/4/3744490.jpg"],"storeId":"coles","packageSize":"500mL","cupPrice":"$1.00 per 100mL","locations":{"VIC":{"price":5,"discountRate":30,"promo":"Any 2 $7","orgPrice":5}},"categoryIds":["c-household"],"similarProductIds":[]},{"id":"harpic-platinum-pro-shield-marine-explosion","name":"Platinum Pro Shield Marine Explosion Liquid Toilet Cleaner","brand":"Harpic","imageUrls":["https://shop.coles.com.au/wcsstore/Coles-CAS/images/3/5/2/3527673.jpg"],"storeId":"coles","packageSize":"500mL","cupPrice":"$1.00 per 100mL","locations":{"VIC":{"price":5,"discountRate":30,"promo":"Any 2 $7","orgPrice":5}},"categoryIds":["c-household"],"similarProductIds":[]},{"id":"morning-fresh-lemon-dishwashing-liquid","name":"Lemon Dishwashing Liquid","brand":"Morning Fresh","imageUrls":["https://shop.coles.com.au/wcsstore/Coles-CAS/images/2/2/2/2225395.jpg"],"storeId":"coles","packageSize":"400mL","cupPrice":"$1.08 per 100mL","locations":{"VIC":{"price":4.3,"discountRate":42,"promo":"Any 2 $5","orgPrice":4.3}},"categoryIds":["c-household"],"similarProductIds":[]},{"id":"finish-dishwasher-cleaner-lemon","name":"Lemon Dishwasher Cleaner","brand":"Finish","imageUrls":["https://shop.coles.com.au/wcsstore/Coles-CAS/images/7/5/5/7556017.jpg"],"storeId":"coles","packageSize":"250mL","cupPrice":"$3.20 per 100mL","locations":{"VIC":{"price":8,"discountRate":50,"promo":"Any 2 $8","orgPrice":8}},"categoryIds":["c-household"],"similarProductIds":[]},{"id":"morning-fresh-lime-dishwashing-liquid","name":"Lime Dishwashing Liquid","brand":"Morning Fresh","imageUrls":["https://shop.coles.com.au/wcsstore/Coles-CAS/images/2/2/2/2225329.jpg"],"storeId":"coles","packageSize":"400mL","cupPrice":"$1.08 per 100mL","locations":{"VIC":{"price":4.3,"discountRate":42,"promo":"Any 2 $5","orgPrice":4.3}},"categoryIds":["c-household"],"similarProductIds":[]},{"id":"finish-dishwash-quantum-ultimate-pro-lemon-3679150p","name":"Quantum Ultimate Pro Lemon Dishwash Tablets","brand":"Finish","imageUrls":["https://shop.coles.com.au/wcsstore/Coles-CAS/images/3/6/7/3679150.jpg"],"storeId":"coles","packageSize":"32 pack","cupPrice":"$0.50 per 1Ea","locations":{"VIC":{"price":16,"discountRate":50,"promo":"","orgPrice":32}},"categoryIds":["c-household"],"similarProductIds":[]},{"id":"harpic-platinum-pro-shield-pine-forest","name":"Platinum Pro Shield Pine Forest Liquid Toilet Cleaner","brand":"Harpic","imageUrls":["https://shop.coles.com.au/wcsstore/Coles-CAS/images/3/5/2/3527695.jpg"],"storeId":"coles","packageSize":"500mL","cupPrice":"$1.00 per 100mL","locations":{"VIC":{"price":5,"discountRate":30,"promo":"Any 2 $7","orgPrice":5}},"categoryIds":["c-household"],"similarProductIds":[]},{"id":"biozet-attack-front-top-loader-laundry-powder","name":"Attack Front & Top Loader Laundry Powder","brand":"Biozet","imageUrls":["https://shop.coles.com.au/wcsstore/Coles-CAS/images/2/5/9/2597877.jpg"],"storeId":"coles","packageSize":"2kg","cupPrice":"$5.00 per 1Kg","locations":{"VIC":{"price":10,"discountRate":50,"promo":"","orgPrice":20}},"categoryIds":["c-household"],"similarProductIds":[]},{"id":"morning-fresh-dishwashing-liquid-super-concentrate-original-fresh-9736075p","name":"Super Strength Original Dishwashing Liquid","brand":"Morning Fresh","imageUrls":["https://shop.coles.com.au/wcsstore/Coles-CAS/images/9/7/3/9736075.jpg"],"storeId":"coles","packageSize":"900mL","cupPrice":"$0.42 per 100mL","locations":{"VIC":{"price":3.75,"discountRate":50,"promo":"","orgPrice":7.5}},"categoryIds":["c-household"],"similarProductIds":[]},{"id":"glen-20-pine-o-cleen-air-freshener-spray-country-scent","name":"Disinfectant Air Freshener Spray Country Scent","brand":"Glen 20","imageUrls":["https://shop.coles.com.au/wcsstore/Coles-CAS/images/8/0/8/8086167.jpg"],"storeId":"coles","packageSize":"300g","cupPrice":"$2.67 per 100G","locations":{"VIC":{"price":8,"discountRate":34,"promo":"Any 2 $10.60","orgPrice":8}},"categoryIds":["c-household"],"similarProductIds":[]},{"id":"earth-choice-dishwash-lq-conc-lemongras-ginger","name":"Dish Wash Concentrate Liquid Lemongrass & Ginger","brand":"Earth Choice","imageUrls":["https://shop.coles.com.au/wcsstore/Coles-CAS/images/3/1/9/3193002.jpg"],"storeId":"coles","packageSize":"500mL","cupPrice":"$0.40 per 100mL","locations":{"VIC":{"price":2,"discountRate":33,"promo":"","orgPrice":3}},"categoryIds":["c-household"],"similarProductIds":[]},{"id":"white-king-powercleaner-toilet-gel-lemon","name":"Lemon Power Toilet Cleaner Gel","brand":"White King","imageUrls":["https://shop.coles.com.au/wcsstore/Coles-CAS/images/6/4/7/6478483.jpg"],"storeId":"coles","packageSize":"700mL","cupPrice":"$0.52 per 100mL","locations":{"VIC":{"price":3.65,"discountRate":21,"promo":"","orgPrice":4.6}},"categoryIds":["c-household"],"similarProductIds":[]},{"id":"white-king-powerclean-eucalyptus-toilet-cleaner-gel","name":"Powerclean Toilet Bleach Gel Eucalyptus","brand":"White King","imageUrls":["https://shop.coles.com.au/wcsstore/Coles-CAS/images/2/7/5/2758728.jpg"],"storeId":"coles","packageSize":"700mL","cupPrice":"$0.52 per 100mL","locations":{"VIC":{"price":3.65,"discountRate":21,"promo":"","orgPrice":4.6}},"categoryIds":["c-household"],"similarProductIds":[]},{"id":"biozet-attack-front-top-loader-liquid","name":"Attack Front & Top Loader Regular Laundry Liquid","brand":"Biozet","imageUrls":["https://shop.coles.com.au/wcsstore/Coles-CAS/images/2/6/8/2688214.jpg"],"storeId":"coles","packageSize":"2L","cupPrice":"$5.00 per 1L","locations":{"VIC":{"price":10,"discountRate":50,"promo":"","orgPrice":20}},"categoryIds":["c-household"],"similarProductIds":[]},{"id":"finish-dishwasher-machine-rinse-aid","name":"Regular Rinse Aid For Drier & Shinier Dishes","brand":"Finish","imageUrls":["https://shop.coles.com.au/wcsstore/Coles-CAS/images/1/1/6/116650.jpg"],"storeId":"coles","packageSize":"250mL","cupPrice":"$1.20 per 100mL","locations":{"VIC":{"price":3,"discountRate":0,"promo":"","orgPrice":3}},"categoryIds":["c-household"],"similarProductIds":[]},{"id":"glen-20-airfreshener-lavendar","name":"Lavender Air Freshener Spray","brand":"Glen 20","imageUrls":["https://shop.coles.com.au/wcsstore/Coles-CAS/images/8/1/5/8159227.jpg"],"storeId":"coles","packageSize":"300g","cupPrice":"$2.67 per 100G","locations":{"VIC":{"price":8,"discountRate":34,"promo":"Any 2 $10.60","orgPrice":8}},"categoryIds":["c-household"],"similarProductIds":[]},{"id":"glen-20-pine-o-cleen-air-freshener-spray-citrus","name":"Disinfectant Air Freshener Spray Citrus Breeze","brand":"Glen 20","imageUrls":["https://shop.coles.com.au/wcsstore/Coles-CAS/images/7/1/0/7106054.jpg"],"storeId":"coles","packageSize":"300g","cupPrice":"$2.67 per 100G","locations":{"VIC":{"price":8,"discountRate":34,"promo":"Any 2 $10.60","orgPrice":8}},"categoryIds":["c-household"],"similarProductIds":[]},{"id":"morning-fresh-dishwash-liquid","name":"Dishwash Liquid Strawberry Guava","brand":"Morning Fresh","imageUrls":["https://shop.coles.com.au/wcsstore/Coles-CAS/images/3/7/3/3733019.jpg"],"storeId":"coles","packageSize":"400mL","cupPrice":"$1.08 per 100mL","locations":{"VIC":{"price":4.3,"discountRate":42,"promo":"Any 2 $5","orgPrice":4.3}},"categoryIds":["c-household"],"similarProductIds":[]},{"id":"sorbent-hypo-allergenic-white-facial-tissues","name":"Hypo Allergenic White Facial Tissues","brand":"Sorbent","imageUrls":["https://shop.coles.com.au/wcsstore/Coles-CAS/images/3/0/4/3048310.jpg"],"storeId":"coles","packageSize":"200 pack","cupPrice":"$0.93 per 100Ea","locations":{"VIC":{"price":1.85,"discountRate":26,"promo":"","orgPrice":2.5}},"categoryIds":["c-household"],"similarProductIds":[]},{"id":"glen-20-pine-o-cleen-air-freshener-spray-original-scent","name":"Disinfectant Air Freshener Spray Original","brand":"Glen 20","imageUrls":["https://shop.coles.com.au/wcsstore/Coles-CAS/images/8/0/4/80430.jpg"],"storeId":"coles","packageSize":"300g","cupPrice":"$2.67 per 100G","locations":{"VIC":{"price":8,"discountRate":34,"promo":"Any 2 $10.60","orgPrice":8}},"categoryIds":["c-household"],"similarProductIds":[]},{"id":"glen-20-disinfectant-spray-berry-breeze","name":"Berry Breeze Disinfectant Spray","brand":"Glen 20","imageUrls":["https://shop.coles.com.au/wcsstore/Coles-CAS/images/3/3/1/3314800.jpg"],"storeId":"coles","packageSize":"300g","cupPrice":"$2.67 per 100G","locations":{"VIC":{"price":8,"discountRate":34,"promo":"Any 2 $10.60","orgPrice":8}},"categoryIds":["c-household"],"similarProductIds":[]},{"id":"klenex-facial-tissues-anti-bacterial-wet-wipes","name":"Facial Tissues Anti Bacterial Wet Wipes","brand":"Kleenex","imageUrls":["https://shop.coles.com.au/wcsstore/Coles-CAS/images/3/7/5/3755995.jpg"],"storeId":"coles","packageSize":"40 pack","cupPrice":"$0.09 per 1Ea","locations":{"VIC":{"price":3.5,"discountRate":20,"promo":"","orgPrice":4.4}},"categoryIds":["c-household","c-health--beauty"],"similarProductIds":[]},{"id":"naturale-100%25-recycled-toilet-paper-2-ply-print","name":"2 Ply Print Toilet Paper 100% Recycled","brand":"Naturale","imageUrls":["https://shop.coles.com.au/wcsstore/Coles-CAS/images/5/7/8/5783481.jpg"],"storeId":"coles","packageSize":"6 pack","cupPrice":"$0.22 per 100Ea","locations":{"VIC":{"price":3,"discountRate":25,"promo":"","orgPrice":4}},"categoryIds":["c-household"],"similarProductIds":[]},{"id":"cook-dine-salad-bowl-3146705p","name":"Salad Bowl","brand":"Cook & Dine","imageUrls":["https://shop.coles.com.au/wcsstore/Coles-CAS/images/3/1/4/3146705.jpg"],"storeId":"coles","packageSize":"","cupPrice":"$3.30 per 1Ea","locations":{"VIC":{"price":3.3,"discountRate":24,"promo":"Any 2 $5","orgPrice":3.3}},"categoryIds":["c-household"],"similarProductIds":[]},{"id":"finish-dishwasher-cleaner","name":"Original Dishwasher Cleaner","brand":"Finish","imageUrls":["https://shop.coles.com.au/wcsstore/Coles-CAS/images/6/5/7/6573123.jpg"],"storeId":"coles","packageSize":"250mL","cupPrice":"$3.20 per 100mL","locations":{"VIC":{"price":8,"discountRate":50,"promo":"Any 2 $8","orgPrice":8}},"categoryIds":["c-household"],"similarProductIds":[]},{"id":"finish-dishwash-quantum-ultimate-pro-original","name":"Quantum Ultimate Pro Original Dishwash Tablets","brand":"Finish","imageUrls":["https://shop.coles.com.au/wcsstore/Coles-CAS/images/3/6/7/3679140.jpg"],"storeId":"coles","packageSize":"32 pack","cupPrice":"$0.50 per 1Ea","locations":{"VIC":{"price":16,"discountRate":50,"promo":"","orgPrice":32}},"categoryIds":["c-household"],"similarProductIds":[]},{"id":"morning-fresh-dishwashing-liquid-raspberry-crisp-ap","name":"Raspberry & Crisp Apple Dishwashing Liquid","brand":"Morning Fresh","imageUrls":["https://shop.coles.com.au/wcsstore/Coles-CAS/images/3/2/0/3208890.jpg"],"storeId":"coles","packageSize":"900mL","cupPrice":"$0.42 per 100mL","locations":{"VIC":{"price":3.75,"discountRate":50,"promo":"","orgPrice":7.5}},"categoryIds":["c-household"],"similarProductIds":[]},{"id":"omo-sensitive-front-top-loader-laundry-liquid","name":"Sensitive Top & Front Loader Laundry Liquid Detergent","brand":"OMO","imageUrls":["https://shop.coles.com.au/wcsstore/Coles-CAS/images/2/7/3/2731030.jpg"],"storeId":"coles","packageSize":"2L","cupPrice":"$7.00 per 1L","locations":{"VIC":{"price":14,"discountRate":36,"promo":"","orgPrice":22}},"categoryIds":["c-household"],"similarProductIds":[]},{"id":"pine-o-cleen-apple-multipurpose-trigger-spray","name":"Multi Purpose Trigger Spray Crisp Apple","brand":"Pine O Cleen","imageUrls":["https://shop.coles.com.au/wcsstore/Coles-CAS/images/1/9/7/1974116.jpg"],"storeId":"coles","packageSize":"750mL","cupPrice":"$0.67 per 100mL","locations":{"VIC":{"price":5,"discountRate":40,"promo":"Any 2 $6","orgPrice":5}},"categoryIds":["c-household"],"similarProductIds":[]},{"id":"sard-super-power-stain-remover-trigger","name":"Wonder Super Power Stain Remover","brand":"Sard","imageUrls":["https://shop.coles.com.au/wcsstore/Coles-CAS/images/2/8/2/2828040.jpg"],"storeId":"coles","packageSize":"450mL","cupPrice":"$6.67 per 1L","locations":{"VIC":{"price":3,"discountRate":25,"promo":"","orgPrice":4}},"categoryIds":["c-household"],"similarProductIds":[]},{"id":"air-wick-essential-oils-candle-tropical-mango","name":"Essential Oils Candle Tropical Mango","brand":"Air Wick","imageUrls":["https://shop.coles.com.au/wcsstore/Coles-CAS/images/3/4/1/3413459.jpg"],"storeId":"coles","packageSize":"1 pack","cupPrice":"$6.00 per 1Ea","locations":{"VIC":{"price":6,"discountRate":17,"promo":"Any 2 $10","orgPrice":6}},"categoryIds":["c-household"],"similarProductIds":[]},{"id":"dishmatic-liquid-dish-brush","name":"Handle","brand":"Dishmatic","imageUrls":["https://shop.coles.com.au/wcsstore/Coles-CAS/images/7/1/2/7120408.jpg"],"storeId":"coles","packageSize":"1 pack","cupPrice":"$3.00 per 1Ea","locations":{"VIC":{"price":3,"discountRate":25,"promo":"","orgPrice":4}},"categoryIds":["c-household"],"similarProductIds":[]},{"id":"earth-choice-dishwashing-liquid-conc-grn-tea-lime","name":"Dish Wash Concentrate Liquid Green Tea & Lime","brand":"Earth Choice","imageUrls":["https://shop.coles.com.au/wcsstore/Coles-CAS/images/3/1/9/3193545.jpg"],"storeId":"coles","packageSize":"900mL","cupPrice":"$0.39 per 100mL","locations":{"VIC":{"price":3.5,"discountRate":35,"promo":"","orgPrice":5.35}},"categoryIds":["c-household"],"similarProductIds":[]},{"id":"finish-in-wash-dishwasher-cleaner","name":"Dishwasher Cleaner Tablets","brand":"Finish","imageUrls":["https://shop.coles.com.au/wcsstore/Coles-CAS/images/3/5/1/3514682.jpg"],"storeId":"coles","packageSize":"3 pack","cupPrice":"$1.67 per 1Ea","locations":{"VIC":{"price":5,"discountRate":50,"promo":"","orgPrice":10}},"categoryIds":["c-household"],"similarProductIds":[]},{"id":"finish-quantum-ultimate-pro-baking-soda","name":"Quantum Ultimate Pro Baking Soda","brand":"Finish","imageUrls":["https://shop.coles.com.au/wcsstore/Coles-CAS/images/3/7/0/3701012.jpg"],"storeId":"coles","packageSize":"32 pack","cupPrice":"$0.50 per 1Ea","locations":{"VIC":{"price":16,"discountRate":50,"promo":"","orgPrice":32}},"categoryIds":["c-household"],"similarProductIds":[]},{"id":"glen-20-disinfectant-spray-summer-garden","name":"Summer Garden Disinfectant Spray","brand":"Glen 20","imageUrls":["https://shop.coles.com.au/wcsstore/Coles-CAS/images/3/3/1/3314796.jpg"],"storeId":"coles","packageSize":"300g","cupPrice":"$2.67 per 100G","locations":{"VIC":{"price":8,"discountRate":34,"promo":"Any 2 $10.60","orgPrice":8}},"categoryIds":["c-household"],"similarProductIds":[]},{"id":"morning-fresh-dishwashing-liquid-super-concentrate-lime-fresh","name":"Super Strength Lime Fresh Dishwashing Liquid","brand":"Morning Fresh","imageUrls":["https://shop.coles.com.au/wcsstore/Coles-CAS/images/5/0/9/5091513.jpg"],"storeId":"coles","packageSize":"900mL","cupPrice":"$0.42 per 100mL","locations":{"VIC":{"price":3.75,"discountRate":50,"promo":"","orgPrice":7.5}},"categoryIds":["c-household"],"similarProductIds":[]},{"id":"bic-mega-utility-lighter-bic-mega-utility-lighter","name":"Multi Purpose Lighter","brand":"Bic","imageUrls":["https://shop.coles.com.au/wcsstore/Coles-CAS/images/3/6/6/3660287.jpg"],"storeId":"coles","packageSize":"","cupPrice":"$5.60 per 1Ea","locations":{"VIC":{"price":5.6,"discountRate":30,"promo":"","orgPrice":8}},"categoryIds":["c-household"],"similarProductIds":[]},{"id":"chux-extra-thick-eraser","name":"Magic Eraser Extra Thick Cleaner Block","brand":"Chux","imageUrls":["https://shop.coles.com.au/wcsstore/Coles-CAS/images/8/6/8/8687724.jpg"],"storeId":"coles","packageSize":"2 pack","cupPrice":"$2.40 per 1Ea","locations":{"VIC":{"price":4.8,"discountRate":20,"promo":"","orgPrice":6}},"categoryIds":["c-household"],"similarProductIds":[]},{"id":"cook-dine-paper-cups-white-400ml","name":"White Paper Cups 400mL","brand":"Cook & Dine","imageUrls":["https://shop.coles.com.au/wcsstore/Coles-CAS/images/2/3/6/2361350.jpg"],"storeId":"coles","packageSize":"20 pack","cupPrice":"$0.17 per 1Ea","locations":{"VIC":{"price":3.3,"discountRate":24,"promo":"Any 2 $5","orgPrice":3.3}},"categoryIds":["c-household"],"similarProductIds":[]},{"id":"dr-beckmann-carpet-brush-cleaner","name":"Carpet Brush Cleaner","brand":"Dr Beckmann","imageUrls":["https://shop.coles.com.au/wcsstore/Coles-CAS/images/2/7/4/2749170.jpg"],"storeId":"coles","packageSize":"650mL","cupPrice":"$0.98 per 100mL","locations":{"VIC":{"price":6.4,"discountRate":20,"promo":"","orgPrice":8}},"categoryIds":["c-household"],"similarProductIds":[]},{"id":"earth-choice-dishwashing-liquid-concentrate-green-tea-lime","name":"Green Tea & Lime Dishwashing Liquid Concentrate","brand":"Earth Choice","imageUrls":["https://shop.coles.com.au/wcsstore/Coles-CAS/images/4/4/2/4429465.jpg"],"storeId":"coles","packageSize":"500mL","cupPrice":"$0.40 per 100mL","locations":{"VIC":{"price":2,"discountRate":33,"promo":"","orgPrice":3}},"categoryIds":["c-household"],"similarProductIds":[]},{"id":"earth-choice-cleaner-wooden-surface","name":"Wooden Floor & Surface Cleaner","brand":"Earth Choice","imageUrls":["https://shop.coles.com.au/wcsstore/Coles-CAS/images/9/8/7/9875719.jpg"],"storeId":"coles","packageSize":"750mL","cupPrice":"$0.45 per 100mL","locations":{"VIC":{"price":3.36,"discountRate":30,"promo":"","orgPrice":4.8}},"categoryIds":["c-household"],"similarProductIds":[]},{"id":"finish-dishwash-quantum-ultimate-pro-lemon","name":"Quantum Ultimate Pro Lemon Dishwash Tablets","brand":"Finish","imageUrls":["https://shop.coles.com.au/wcsstore/Coles-CAS/images/3/6/7/3679161.jpg"],"storeId":"coles","packageSize":"48 pack","cupPrice":"$0.79 per 1Ea","locations":{"VIC":{"price":38,"discountRate":32,"promo":"Any 2 $52","orgPrice":38}},"categoryIds":["c-household"],"similarProductIds":[]},{"id":"harpic-fresh-power-toilet-cleaner-marine-splash","name":"Fresh Power Marine Splash Toilet Cleaner","brand":"Harpic","imageUrls":["https://shop.coles.com.au/wcsstore/Coles-CAS/images/3/0/3/3035045.jpg"],"storeId":"coles","packageSize":"700mL","cupPrice":"$0.71 per 100mL","locations":{"VIC":{"price":5,"discountRate":30,"promo":"Any 2 $7","orgPrice":5}},"categoryIds":["c-household"],"similarProductIds":[]},{"id":"harpic-eco-fresh-toilet-gel-marine","name":"Eco Fresh Toilet Gel Marine","brand":"Harpic","imageUrls":["https://shop.coles.com.au/wcsstore/Coles-CAS/images/3/7/4/3744503.jpg"],"storeId":"coles","packageSize":"500mL","cupPrice":"$1.00 per 100mL","locations":{"VIC":{"price":5,"discountRate":30,"promo":"Any 2 $7","orgPrice":5}},"categoryIds":["c-household"],"similarProductIds":[]},{"id":"morning-fresh-dishwashing-liquid-super-concentrate-lemon-fresh","name":"Super Strength Lemon Dishwashing Liquid","brand":"Morning Fresh","imageUrls":["https://shop.coles.com.au/wcsstore/Coles-CAS/images/9/7/3/9735935.jpg"],"storeId":"coles","packageSize":"900mL","cupPrice":"$0.42 per 100mL","locations":{"VIC":{"price":3.75,"discountRate":50,"promo":"","orgPrice":7.5}},"categoryIds":["c-household"],"similarProductIds":[]},{"id":"palmolive-eco-dishwashing-liquid-orange-ginger-3743373p","name":"Eco Dishwashing Liquid Orange & Ginger","brand":"Palmolive","imageUrls":["https://shop.coles.com.au/wcsstore/Coles-CAS/images/3/7/4/3743373.jpg"],"storeId":"coles","packageSize":"900 ML","cupPrice":"","locations":{"VIC":{"price":7,"discountRate":22,"promo":"","orgPrice":9}},"categoryIds":["c-household"],"similarProductIds":[]},{"id":"pine-o-cleen-lemon-lime-multi-purpose-trigger-pack","name":"Multi Purpose Trigger Spray Lemon Lime","brand":"Pine O Cleen","imageUrls":["https://shop.coles.com.au/wcsstore/Coles-CAS/images/1/9/7/1974138.jpg"],"storeId":"coles","packageSize":"750mL","cupPrice":"$0.67 per 100mL","locations":{"VIC":{"price":5,"discountRate":40,"promo":"Any 2 $6","orgPrice":5}},"categoryIds":["c-household"],"similarProductIds":[]},{"id":"surf-laundry-liquid-floral-spice","name":"Laundry Liquid","brand":"Surf","imageUrls":["https://shop.coles.com.au/wcsstore/Coles-CAS/images/3/5/2/3524358.jpg"],"storeId":"coles","packageSize":"2L","cupPrice":"$3.50 per 1L","locations":{"VIC":{"price":7,"discountRate":13,"promo":"","orgPrice":8}},"categoryIds":["c-household"],"similarProductIds":[]},{"id":"bactive-disinfectant-wipes","name":"Disinfectant Wipes","brand":"Bactive","imageUrls":["https://shop.coles.com.au/wcsstore/Coles-CAS/images/3/8/0/3804897.jpg"],"storeId":"coles","packageSize":"80 pack","cupPrice":"$0.06 per 1Ea","locations":{"VIC":{"price":5,"discountRate":23,"promo":"","orgPrice":6.5}},"categoryIds":["c-household"],"similarProductIds":[]},{"id":"comfort-aromatherapy-fabric-soft-amber-rose","name":"Aromatherapy Amber And Rose Fabric Conditioner","brand":"Comfort","imageUrls":["https://shop.coles.com.au/wcsstore/Coles-CAS/images/2/9/1/2916319.jpg"],"storeId":"coles","packageSize":"750mL","cupPrice":"$4.67 per 1L","locations":{"VIC":{"price":3.5,"discountRate":50,"promo":"","orgPrice":7}},"categoryIds":["c-household"],"similarProductIds":[]},{"id":"comfort-fbrc-conditioner-exotic-oriental","name":"Exotic Oriental Fabric Conditioner","brand":"Comfort","imageUrls":["https://shop.coles.com.au/wcsstore/Coles-CAS/images/3/7/3/3735590.jpg"],"storeId":"coles","packageSize":"750mL","cupPrice":"$4.67 per 1L","locations":{"VIC":{"price":3.5,"discountRate":50,"promo":"","orgPrice":7}},"categoryIds":["c-household"],"similarProductIds":[]},{"id":"finish-0-dishwashing-tablets-3513329p","name":"Dishwashing Tablets","brand":"Finish","imageUrls":["https://shop.coles.com.au/wcsstore/Coles-CAS/images/3/5/1/3513329.jpg"],"storeId":"coles","packageSize":"60 pack","cupPrice":"$0.63 per 1Ea","locations":{"VIC":{"price":38,"discountRate":32,"promo":"Any 2 $52","orgPrice":38}},"categoryIds":["c-household"],"similarProductIds":[]},{"id":"fluffy-temptations-fabric-cond-limited-ed","name":"Limited Edition Divine Blends Orange Flower & Freesia Concentrated Fabric Softener","brand":"Fluffy","imageUrls":["https://shop.coles.com.au/wcsstore/Coles-CAS/images/2/9/0/2909324.jpg"],"storeId":"coles","packageSize":"450mL","cupPrice":"$4.44 per 1L","locations":{"VIC":{"price":2,"discountRate":0,"promo":"","orgPrice":2}},"categoryIds":["c-household"],"similarProductIds":[]},{"id":"harpic-itb-toilet-cleaner-turquoise-power","name":"Turquoise Power 6 Tropical Lagoon Scent","brand":"Harpic","imageUrls":["https://shop.coles.com.au/wcsstore/Coles-CAS/images/3/2/2/3224944.jpg"],"storeId":"coles","packageSize":"39g","cupPrice":"$12.82 per 100G","locations":{"VIC":{"price":5,"discountRate":30,"promo":"Any 2 $7","orgPrice":5}},"categoryIds":["c-household"],"similarProductIds":[]},{"id":"hillmark-cleaner-stone-kleen-pro","name":"Stone Kleen & Protect Cleaner","brand":"Hillmark","imageUrls":["https://shop.coles.com.au/wcsstore/Coles-CAS/images/7/4/3/7434315.jpg"],"storeId":"coles","packageSize":"375mL","cupPrice":"$1.92 per 100mL","locations":{"VIC":{"price":7.2,"discountRate":20,"promo":"","orgPrice":9}},"categoryIds":["c-household"],"similarProductIds":[]},{"id":"nilodor-spray-deodoriser-nilodor-spray-deodoriser","name":"Spray Mist Deodoriser","brand":"Nilodor","imageUrls":["https://shop.coles.com.au/wcsstore/Coles-CAS/images/5/2/4/5241208.jpg"],"storeId":"coles","packageSize":"100mL","cupPrice":"$0.58 per 10mL","locations":{"VIC":{"price":5.8,"discountRate":21,"promo":"","orgPrice":7.3}},"categoryIds":["c-household"],"similarProductIds":[]},{"id":"pine-o-cleen-eucalyptus-multi-purpose-trigger-pack","name":"Multi Purpose Trigger Spray Eucalyptus","brand":"Pine O Cleen","imageUrls":["https://shop.coles.com.au/wcsstore/Coles-CAS/images/1/9/7/1974149.jpg"],"storeId":"coles","packageSize":"750mL","cupPrice":"$0.67 per 100mL","locations":{"VIC":{"price":5,"discountRate":40,"promo":"Any 2 $6","orgPrice":5}},"categoryIds":["c-household"],"similarProductIds":[]},{"id":"purity-fabric-softener-sensitive","name":"Sensitive Fabric Softener","brand":"Purity","imageUrls":["https://shop.coles.com.au/wcsstore/Coles-CAS/images/9/2/7/9270831.jpg"],"storeId":"coles","packageSize":"1.25L","cupPrice":"$2.56 per 1L","locations":{"VIC":{"price":3.2,"discountRate":20,"promo":"","orgPrice":4}},"categoryIds":["c-household"],"similarProductIds":[]},{"id":"colgate-sard-wonder-soaker-whitening","name":"Ultra Whitening Stain Remover Soaker","brand":"Sard Wonder","imageUrls":["https://shop.coles.com.au/wcsstore/Coles-CAS/images/1/2/7/1276823.jpg"],"storeId":"coles","packageSize":"1kg","cupPrice":"$5.00 per 1Kg","locations":{"VIC":{"price":5,"discountRate":29,"promo":"","orgPrice":7}},"categoryIds":["c-household"],"similarProductIds":[]},{"id":"sistema-ultra-container-13-litre","name":"Ultra Clear Tritan Container 1.3L","brand":"Sistema","imageUrls":["https://shop.coles.com.au/wcsstore/Coles-CAS/images/3/6/3/3633160.jpg"],"storeId":"coles","packageSize":"","cupPrice":"$6.00 per 1Ea","locations":{"VIC":{"price":6,"discountRate":50,"promo":"","orgPrice":12}},"categoryIds":["c-household"],"similarProductIds":[]},{"id":"air-wick-essential-oils-candle-cherry-blossom","name":"Essential Oils Candle Cherry Blossom","brand":"Air Wick","imageUrls":["https://shop.coles.com.au/wcsstore/Coles-CAS/images/3/4/1/3413448.jpg"],"storeId":"coles","packageSize":"1 pack","cupPrice":"$6.00 per 1Ea","locations":{"VIC":{"price":6,"discountRate":17,"promo":"Any 2 $10","orgPrice":6}},"categoryIds":["c-household"],"similarProductIds":[]},{"id":"air-wick-essential-oils-candle-vanilla-bean","name":"Essential Oils Candle Vanilla & Soft Cashmere","brand":"Air Wick","imageUrls":["https://shop.coles.com.au/wcsstore/Coles-CAS/images/3/4/1/3413415.jpg"],"storeId":"coles","packageSize":"1 pack","cupPrice":"$6.00 per 1Ea","locations":{"VIC":{"price":6,"discountRate":17,"promo":"Any 2 $10","orgPrice":6}},"categoryIds":["c-household"],"similarProductIds":[]},{"id":"air-wick-pure-freshmatic-refill-spring-delight","name":"Pure Spring Delight Freshmatic Refill","brand":"Air Wick","imageUrls":["https://shop.coles.com.au/wcsstore/Coles-CAS/images/3/4/2/3422664.jpg"],"storeId":"coles","packageSize":"157g","cupPrice":"$5.10 per 100G","locations":{"VIC":{"price":8,"discountRate":19,"promo":"Any 2 $13","orgPrice":8}},"categoryIds":["c-household"],"similarProductIds":[]},{"id":"air-wick-essential-oils-candle-mountain-berry","name":"Essential Oils Candle Berry Blossom","brand":"Air Wick","imageUrls":["https://shop.coles.com.au/wcsstore/Coles-CAS/images/3/4/1/3413437.jpg"],"storeId":"coles","packageSize":"1 pack","cupPrice":"$6.00 per 1Ea","locations":{"VIC":{"price":6,"discountRate":17,"promo":"Any 2 $10","orgPrice":6}},"categoryIds":["c-household"],"similarProductIds":[]},{"id":"ajax-eco-multipurpose-wipes-lavender-rosemary","name":"Eco Multipurpose Wipes Lavender & Rosemary","brand":"Ajax","imageUrls":["https://shop.coles.com.au/wcsstore/Coles-CAS/images/3/7/4/3741888.jpg"],"storeId":"coles","packageSize":"110 pack","cupPrice":"$7.27 per 100Ea","locations":{"VIC":{"price":8,"discountRate":20,"promo":"","orgPrice":10}},"categoryIds":["c-household"],"similarProductIds":[]},{"id":"biozet-attack-plus-softener","name":"Attack Plus Softener","brand":"Biozet","imageUrls":["https://shop.coles.com.au/wcsstore/Coles-CAS/images/3/1/9/3196430.jpg"],"storeId":"coles","packageSize":"2L","cupPrice":"$5.50 per 1L","locations":{"VIC":{"price":11,"discountRate":50,"promo":"","orgPrice":22}},"categoryIds":["c-household"],"similarProductIds":[]},{"id":"biozet-attack-plus-eliminator-laundry-liq","name":"Attack Plus Eliminator Laundry Powder","brand":"Biozet","imageUrls":["https://shop.coles.com.au/wcsstore/Coles-CAS/images/3/7/8/3788000.jpg"],"storeId":"coles","packageSize":"2kg","cupPrice":"$5.50 per 1Kg","locations":{"VIC":{"price":11,"discountRate":50,"promo":"","orgPrice":22}},"categoryIds":["c-household"],"similarProductIds":[]},{"id":"bosistos-sensitive-laundry-liquid-12-litre","name":"Sensitive Laundry Liquid","brand":"Bosisto's","imageUrls":["https://shop.coles.com.au/wcsstore/Coles-CAS/images/3/4/5/3455459.jpg"],"storeId":"coles","packageSize":"1.2L","cupPrice":"$5.75 per 1L","locations":{"VIC":{"price":6.9,"discountRate":40,"promo":"","orgPrice":11.5}},"categoryIds":["c-household"],"similarProductIds":[]},{"id":"bref-purple-active-in-bowl-lavender","name":"Purple Active Lavender","brand":"Bref","imageUrls":["https://shop.coles.com.au/wcsstore/Coles-CAS/images/3/7/4/3744773.jpg"],"storeId":"coles","packageSize":"50g","cupPrice":"$6.00 per 100G","locations":{"VIC":{"price":3,"discountRate":50,"promo":"","orgPrice":6}},"categoryIds":["c-household"],"similarProductIds":[]},{"id":"chux-robuste-extra-thick-cloths","name":"Robuste Extra Thick Cloth","brand":"Chux","imageUrls":["https://shop.coles.com.au/wcsstore/Coles-CAS/images/6/8/0/6802027.jpg"],"storeId":"coles","packageSize":"3 pack","cupPrice":"$1.00 per 1Ea","locations":{"VIC":{"price":2.99,"discountRate":25,"promo":"","orgPrice":4}},"categoryIds":["c-household"],"similarProductIds":[]},{"id":"chux-magic-eraser-bathroom","name":"Magic Eraser Bathroom Cleaner Block","brand":"Chux","imageUrls":["https://shop.coles.com.au/wcsstore/Coles-CAS/images/5/0/9/5099865.jpg"],"storeId":"coles","packageSize":"2 pack","cupPrice":"$2.00 per 1Ea","locations":{"VIC":{"price":3.99,"discountRate":23,"promo":"","orgPrice":5.2}},"categoryIds":["c-household"],"similarProductIds":[]},{"id":"cook-dine-foil-platter-small","name":"Foil Platters","brand":"Cook & Dine","imageUrls":["https://shop.coles.com.au/wcsstore/Coles-CAS/images/1/5/4/1547228.jpg"],"storeId":"coles","packageSize":"5 pack","cupPrice":"$0.66 per 1Ea","locations":{"VIC":{"price":3.3,"discountRate":24,"promo":"Any 2 $5","orgPrice":3.3}},"categoryIds":["c-household"],"similarProductIds":[]},{"id":"cuddly-fabric-softener-ultra-sensitive","name":"Soft & Sensitive Concentrate Fabric Conditioner","brand":"Cuddly","imageUrls":["https://shop.coles.com.au/wcsstore/Coles-CAS/images/1/5/8/1586219.jpg"],"storeId":"coles","packageSize":"2L","cupPrice":"$5.00 per 1L","locations":{"VIC":{"price":10,"discountRate":33,"promo":"","orgPrice":15}},"categoryIds":["c-household"],"similarProductIds":[]},{"id":"dynamo-prof-l-liquid-7-in-1-3774810p","name":"Profession 7 In 1 Laundry Liquid","brand":"Dynamo","imageUrls":["https://shop.coles.com.au/wcsstore/Coles-CAS/images/3/7/7/3774810.jpg"],"storeId":"coles","packageSize":"3.6L","cupPrice":"$6.61 per 1L","locations":{"VIC":{"price":23.8,"discountRate":30,"promo":"","orgPrice":34}},"categoryIds":["c-household"],"similarProductIds":[]},{"id":"fairy-all-in-one-lemon-dishwasher-tablets","name":"Original All In One Lemon Dishwasher Tablets","brand":"Fairy","imageUrls":["https://shop.coles.com.au/wcsstore/Coles-CAS/images/2/8/6/2860688.jpg"],"storeId":"coles","packageSize":"22 pack","cupPrice":"$0.45 per 1Ea","locations":{"VIC":{"price":9.9,"discountRate":0,"promo":"","orgPrice":9.9}},"categoryIds":["c-household"],"similarProductIds":[]},{"id":"harpic-germ-fighting-hok-bleach-lime-twin-pack","name":"Germ Fighting Hook Bleach Lime 2 Pack","brand":"Harpic","imageUrls":["https://shop.coles.com.au/wcsstore/Coles-CAS/images/3/7/4/3744343.jpg"],"storeId":"coles","packageSize":"70g","cupPrice":"$3.00 per 1Ea","locations":{"VIC":{"price":6,"discountRate":25,"promo":"Any 2 $9","orgPrice":6}},"categoryIds":["c-household"],"similarProductIds":[]},{"id":"hillmark-stainless-steel-kleen-cleaner-250ml","name":"Kleen Stainless Steel Cleaner","brand":"Hillmark","imageUrls":["https://shop.coles.com.au/wcsstore/Coles-CAS/images/9/2/3/9231319.jpg"],"storeId":"coles","packageSize":"250mL","cupPrice":"$2.70 per 100mL","locations":{"VIC":{"price":6.75,"discountRate":20,"promo":"","orgPrice":8.45}},"categoryIds":["c-household"],"similarProductIds":[]},{"id":"marbig-poly-string-80m","name":"Poly String 80m","brand":"Marbig","imageUrls":["https://shop.coles.com.au/wcsstore/Coles-CAS/images/1/8/1/1818880.jpg"],"storeId":"coles","packageSize":"","cupPrice":"","locations":{"VIC":{"price":2.1,"discountRate":30,"promo":"","orgPrice":3}},"categoryIds":["c-household"],"similarProductIds":[]},{"id":"modo-eco-stainless-steel-straws-with-cleaner","name":"Eco Living Stainless Steel Straws With Cleaning Brush","brand":"Modo","imageUrls":["https://shop.coles.com.au/wcsstore/Coles-CAS/images/3/3/8/3386039.jpg"],"storeId":"coles","packageSize":"4 pack","cupPrice":"$1.00 per 1Ea","locations":{"VIC":{"price":4,"discountRate":20,"promo":"","orgPrice":5}},"categoryIds":["c-household"],"similarProductIds":[]},{"id":"modo-ecoliving-a4-recycled-wallet","name":"Ecoliving A4 Recycled Wallet","brand":"Modo","imageUrls":["https://shop.coles.com.au/wcsstore/Coles-CAS/images/3/7/8/3782397.jpg"],"storeId":"coles","packageSize":"3 pack","cupPrice":"$1.07 per 1Ea","locations":{"VIC":{"price":3.2,"discountRate":20,"promo":"","orgPrice":4}},"categoryIds":["c-household"],"similarProductIds":[]},{"id":"omo-laundry-liquid-with-comfort","name":"Comfort Front & Top Loader Laundry Liquid","brand":"OMO","imageUrls":["https://shop.coles.com.au/wcsstore/Coles-CAS/images/2/9/0/2900534.jpg"],"storeId":"coles","packageSize":"2L","cupPrice":"$7.00 per 1L","locations":{"VIC":{"price":14,"discountRate":36,"promo":"","orgPrice":22}},"categoryIds":["c-household"],"similarProductIds":[]},{"id":"organic-choice-candle-coconut-lime","name":"Coconut & Lime Candle","brand":"Organic Choice","imageUrls":["https://shop.coles.com.au/wcsstore/Coles-CAS/images/2/7/1/2710801.jpg"],"storeId":"coles","packageSize":"","cupPrice":"$10.50 per 1Ea","locations":{"VIC":{"price":10.5,"discountRate":30,"promo":"","orgPrice":15}},"categoryIds":["c-household"],"similarProductIds":[]},{"id":"organic-choice-air-freshener-linen-spray-west-indian-lime-coconut","name":"Air Freshener & Linen Spray West Indian Lime & Coconut","brand":"Organic Choice","imageUrls":["https://shop.coles.com.au/wcsstore/Coles-CAS/images/3/0/5/3058710.jpg"],"storeId":"coles","packageSize":"200mL","cupPrice":"$0.18 per 10mL","locations":{"VIC":{"price":3.5,"discountRate":30,"promo":"","orgPrice":5}},"categoryIds":["c-household"],"similarProductIds":[]},{"id":"organic-choice-ar-frshnr-blck-orchid-smkd-sndlwd","name":"Black Orchid & Smoked Sandalwood Air Freshener","brand":"Organic Choice","imageUrls":["https://shop.coles.com.au/wcsstore/Coles-CAS/images/3/7/2/3721246.jpg"],"storeId":"coles","packageSize":"200mL","cupPrice":"$1.75 per 100mL","locations":{"VIC":{"price":3.5,"discountRate":30,"promo":"","orgPrice":5}},"categoryIds":["c-household"],"similarProductIds":[]},{"id":"pine-o-clen-simply-grapefruit-trigger","name":"Simply Disinfectant Grapefruit Trigger","brand":"Pine O Cleen","imageUrls":["https://shop.coles.com.au/wcsstore/Coles-CAS/images/3/7/4/3742122.jpg"],"storeId":"coles","packageSize":"500mL","cupPrice":"$0.70 per 100mL","locations":{"VIC":{"price":3.5,"discountRate":30,"promo":"","orgPrice":5}},"categoryIds":["c-household"],"similarProductIds":[]},{"id":"pine-o-clen-simply-meadow-flower-trigger","name":"Simply Disinfectant Meadow Flower Trigger","brand":"Pine O Cleen","imageUrls":["https://shop.coles.com.au/wcsstore/Coles-CAS/images/3/7/4/3742100.jpg"],"storeId":"coles","packageSize":"500mL","cupPrice":"$0.70 per 100mL","locations":{"VIC":{"price":3.5,"discountRate":30,"promo":"","orgPrice":5}},"categoryIds":["c-household"],"similarProductIds":[]},{"id":"sard-oxyplus-stain-remover-prewash-eucalyptus-trigger","name":"Wonder Eucalyptus Oxy Plus Power Stain Remover","brand":"Sard","imageUrls":["https://shop.coles.com.au/wcsstore/Coles-CAS/images/4/8/2/4825826.jpg"],"storeId":"coles","packageSize":"500mL","cupPrice":"$6.00 per 1L","locations":{"VIC":{"price":3,"discountRate":25,"promo":"","orgPrice":4}},"categoryIds":["c-household"],"similarProductIds":[]},{"id":"punch-colour-catcher","name":"Wonder Colour Catcher","brand":"Sard","imageUrls":["https://shop.coles.com.au/wcsstore/Coles-CAS/images/9/5/4/9547130.jpg"],"storeId":"coles","packageSize":"15 pack","cupPrice":"$0.23 per 1Ea","locations":{"VIC":{"price":3.5,"discountRate":36,"promo":"","orgPrice":5.5}},"categoryIds":["c-household"],"similarProductIds":[]},{"id":"sard-oxy-plus-stain-remover-eucalyptus","name":"Eucalyptus Power Stain Remover","brand":"Sard Wonder","imageUrls":["https://shop.coles.com.au/wcsstore/Coles-CAS/images/4/8/2/4826068.jpg"],"storeId":"coles","packageSize":"1kg","cupPrice":"$5.00 per 1Kg","locations":{"VIC":{"price":5,"discountRate":29,"promo":"","orgPrice":7}},"categoryIds":["c-household"],"similarProductIds":[]},{"id":"selleys-sugar-soap-liquid-refill","name":"Liquid Sugar Soap","brand":"Selleys","imageUrls":["https://shop.coles.com.au/wcsstore/Coles-CAS/images/4/6/0/460102.jpg"],"storeId":"coles","packageSize":"750mL","cupPrice":"$0.45 per 100mL","locations":{"VIC":{"price":3.4,"discountRate":20,"promo":"","orgPrice":4.25}},"categoryIds":["c-household"],"similarProductIds":[]},{"id":"selleys-rapid-mould-killer","name":"Rapid Mould Killer","brand":"Selleys","imageUrls":["https://shop.coles.com.au/wcsstore/Coles-CAS/images/2/1/0/2107865.jpg"],"storeId":"coles","packageSize":"500mL","cupPrice":"$0.96 per 100mL","locations":{"VIC":{"price":4.8,"discountRate":20,"promo":"","orgPrice":6}},"categoryIds":["c-household"],"similarProductIds":[]},{"id":"sistema-ultra-container-920ml","name":"Ultra Clear Tritan Container 920mL","brand":"Sistema","imageUrls":["https://shop.coles.com.au/wcsstore/Coles-CAS/images/3/6/3/3633149.jpg"],"storeId":"coles","packageSize":"","cupPrice":"$5.00 per 1Ea","locations":{"VIC":{"price":5,"discountRate":50,"promo":"","orgPrice":10}},"categoryIds":["c-household"],"similarProductIds":[]},{"id":"softly-wool-wash-liquid-for-woollens-delicates","name":"Delicates Fabric Solution","brand":"Softly","imageUrls":["https://shop.coles.com.au/wcsstore/Coles-CAS/images/2/5/5/255861.jpg"],"storeId":"coles","packageSize":"1.25L","cupPrice":"$4.80 per 1L","locations":{"VIC":{"price":6,"discountRate":20,"promo":"","orgPrice":7.5}},"categoryIds":["c-household"],"similarProductIds":[]},{"id":"air-wick-reed-diffuser-midnight-blackberry-vanilla-silk","name":"Touch of Luxury Reed Diffuser Midnight Blackberry & Vanilla Silk","brand":"Air Wick","imageUrls":["https://shop.coles.com.au/wcsstore/Coles-CAS/images/1/1/4/1149280.jpg"],"storeId":"coles","packageSize":"50mL","cupPrice":"$22.00 per 100mL","locations":{"VIC":{"price":11,"discountRate":27,"promo":"Any 2 $16","orgPrice":11}},"categoryIds":["c-household"],"similarProductIds":[]},{"id":"air-wick-reed-diffuser-freesia-jasmine","name":"Freesia & Jasmine Reed Diffuser","brand":"Air Wick","imageUrls":["https://shop.coles.com.au/wcsstore/Coles-CAS/images/1/1/4/1149327.jpg"],"storeId":"coles","packageSize":"50mL","cupPrice":"$22.00 per 100mL","locations":{"VIC":{"price":11,"discountRate":27,"promo":"Any 2 $16","orgPrice":11}},"categoryIds":["c-household"],"similarProductIds":[]},{"id":"air-wick-life-scents-freshmatic-refill-turquoise-oasis","name":"Life Scents Turquoise Oasis Freshmatic Refill Pack","brand":"Air Wick","imageUrls":["https://shop.coles.com.au/wcsstore/Coles-CAS/images/2/3/4/2346902.jpg"],"storeId":"coles","packageSize":"157g","cupPrice":"$5.10 per 100G","locations":{"VIC":{"price":8,"discountRate":19,"promo":"Any 2 $13","orgPrice":8}},"categoryIds":["c-household"],"similarProductIds":[]},{"id":"air-wick-life-scents-freshmatic-refill-mystical-garden","name":"Life Scents Mystical Garden Freshmatic Refill","brand":"Air Wick","imageUrls":["https://shop.coles.com.au/wcsstore/Coles-CAS/images/2/3/4/2346913.jpg"],"storeId":"coles","packageSize":"157g","cupPrice":"$5.10 per 100G","locations":{"VIC":{"price":8,"discountRate":19,"promo":"Any 2 $13","orgPrice":8}},"categoryIds":["c-household"],"similarProductIds":[]},{"id":"air-wick-pure-refill-freshmatic-cherry-blossom","name":"Pure Freshmatic Cherry Blossom Refill Pack","brand":"Air Wick","imageUrls":["https://shop.coles.com.au/wcsstore/Coles-CAS/images/3/0/5/3059407.jpg"],"storeId":"coles","packageSize":"157g","cupPrice":"$5.10 per 100G","locations":{"VIC":{"price":8,"discountRate":19,"promo":"Any 2 $13","orgPrice":8}},"categoryIds":["c-household"],"similarProductIds":[]},{"id":"air-wick-essential-oils-refill-frangipani","name":"Essential Oils Frangipani Refill","brand":"Air Wick","imageUrls":["https://shop.coles.com.au/wcsstore/Coles-CAS/images/3/4/3/3432497.jpg"],"storeId":"coles","packageSize":"174g","cupPrice":"$4.60 per 100G","locations":{"VIC":{"price":8,"discountRate":19,"promo":"Any 2 $13","orgPrice":8}},"categoryIds":["c-household"],"similarProductIds":[]},{"id":"air-wick-essential-oils-freshmatic-refill-vanilla","name":"Essential Oils Vanilla & Soft Cashmere Freshmatic Refill","brand":"Air Wick","imageUrls":["https://shop.coles.com.au/wcsstore/Coles-CAS/images/3/4/3/3432431.jpg"],"storeId":"coles","packageSize":"174g","cupPrice":"$4.60 per 100G","locations":{"VIC":{"price":8,"discountRate":19,"promo":"Any 2 $13","orgPrice":8}},"categoryIds":["c-household"],"similarProductIds":[]},{"id":"air-wick-essential-oils-refill-lavender","name":"Lavender Fragrance Infused With Natural Essential Oils Freshmatic Refill","brand":"Air Wick","imageUrls":["https://shop.coles.com.au/wcsstore/Coles-CAS/images/3/4/3/3432544.jpg"],"storeId":"coles","packageSize":"174g","cupPrice":"$4.60 per 100G","locations":{"VIC":{"price":8,"discountRate":19,"promo":"Any 2 $13","orgPrice":8}},"categoryIds":["c-household"],"similarProductIds":[]},{"id":"air-wick-essential-oils-refill-satin-moon-lily","name":"Smooth Satin & Moon Lily Freshmatic Refil","brand":"Air Wick","imageUrls":["https://shop.coles.com.au/wcsstore/Coles-CAS/images/3/4/3/3432511.jpg"],"storeId":"coles","packageSize":"174g","cupPrice":"$4.60 per 100G","locations":{"VIC":{"price":8,"discountRate":19,"promo":"Any 2 $13","orgPrice":8}},"categoryIds":["c-household"],"similarProductIds":[]},{"id":"artline-70-permanent-marker-black","name":"Permanent Black Marker","brand":"Artline","imageUrls":["https://shop.coles.com.au/wcsstore/Coles-CAS/images/3/1/8/3188159.jpg"],"storeId":"coles","packageSize":"","cupPrice":"$2.80 per 1Ea","locations":{"VIC":{"price":2.8,"discountRate":30,"promo":"","orgPrice":4}},"categoryIds":["c-household"],"similarProductIds":[]},{"id":"ashley-mill-silver-cleaning-cloth","name":"Silver Cleaning Cloth","brand":"Ashley Mill","imageUrls":["https://shop.coles.com.au/wcsstore/Coles-CAS/images/6/0/8/6082766.jpg"],"storeId":"coles","packageSize":"2 pack","cupPrice":"$2.40 per 1Ea","locations":{"VIC":{"price":4.8,"discountRate":20,"promo":"","orgPrice":6}},"categoryIds":["c-household"],"similarProductIds":[]},{"id":"bar-keepers-friend-cleaner-polish-powder","name":"Cleanser & Polish Powder","brand":"Bar Keepers Friend","imageUrls":["https://shop.coles.com.au/wcsstore/Coles-CAS/images/2/7/4/2749749.jpg"],"storeId":"coles","packageSize":"340g","cupPrice":"$1.88 per 100G","locations":{"VIC":{"price":6.4,"discountRate":20,"promo":"","orgPrice":8}},"categoryIds":["c-household"],"similarProductIds":[]},{"id":"biozet-attack-plus-quick-wash-laundry-liquid","name":"Attack Plus Quick Wash Laundry Liquid","brand":"Biozet","imageUrls":["https://shop.coles.com.au/wcsstore/Coles-CAS/images/3/7/8/3788054.jpg"],"storeId":"coles","packageSize":"2L","cupPrice":"$5.50 per 1L","locations":{"VIC":{"price":11,"discountRate":50,"promo":"","orgPrice":22}},"categoryIds":["c-household"],"similarProductIds":[]},{"id":"biozet-attack-plus-eliminator-laundry-liquid","name":"Eliminator Laundry Liquid","brand":"Biozet Attack Plus","imageUrls":["https://shop.coles.com.au/wcsstore/Coles-CAS/images/3/4/6/3465157.jpg"],"storeId":"coles","packageSize":"2L","cupPrice":"$5.50 per 1L","locations":{"VIC":{"price":11,"discountRate":50,"promo":"","orgPrice":22}},"categoryIds":["c-household"],"similarProductIds":[]},{"id":"bonds-mens-trunks-guy-front-large","name":"Mens Guyfront Trunks Large","brand":"Bonds","imageUrls":["https://shop.coles.com.au/wcsstore/Coles-CAS/images/5/2/1/5215343.jpg"],"storeId":"coles","packageSize":"1 pack","cupPrice":"","locations":{"VIC":{"price":11,"discountRate":50,"promo":"","orgPrice":22}},"categoryIds":["c-household"],"similarProductIds":[]},{"id":"bonds-1089s-ladies-bikini-briefs-3629797p","name":"1089s Ladies Bikini Briefs Size 12","brand":"Bonds","imageUrls":["https://shop.coles.com.au/wcsstore/Coles-CAS/images/3/6/2/3629797.jpg"],"storeId":"coles","packageSize":"2 pack","cupPrice":"$4.50 per 1Ea","locations":{"VIC":{"price":9,"discountRate":50,"promo":"","orgPrice":18}},"categoryIds":["c-household"],"similarProductIds":[]},{"id":"bonds-1089s-ladies-bikini-briefs-3629786p","name":"1089s Ladies Bikini Briefs Size 10","brand":"Bonds","imageUrls":["https://shop.coles.com.au/wcsstore/Coles-CAS/images/3/6/2/3629786.jpg"],"storeId":"coles","packageSize":"2 pack","cupPrice":"$4.50 per 1Ea","locations":{"VIC":{"price":9,"discountRate":50,"promo":"","orgPrice":18}},"categoryIds":["c-household"],"similarProductIds":[]},{"id":"bref-scent-switch-toilet-cleaner-marine-citrus","name":"Scent Switch Marine Aromatic & Citrus Toilet Cleaner","brand":"Bref","imageUrls":["https://shop.coles.com.au/wcsstore/Coles-CAS/images/3/4/7/3475875.jpg"],"storeId":"coles","packageSize":"50g","cupPrice":"$6.00 per 100G","locations":{"VIC":{"price":3,"discountRate":50,"promo":"","orgPrice":6}},"categoryIds":["c-household"],"similarProductIds":[]},{"id":"bref-scent-switch-toilet-cleaner-apple-lily","name":"Floral Apple & Water Lily Scent Switch Toilet Cleaner","brand":"Bref","imageUrls":["https://shop.coles.com.au/wcsstore/Coles-CAS/images/3/4/7/3475853.jpg"],"storeId":"coles","packageSize":"50g","cupPrice":"$6.00 per 100G","locations":{"VIC":{"price":3,"discountRate":50,"promo":"","orgPrice":6}},"categoryIds":["c-household"],"similarProductIds":[]},{"id":"bref-scent-switch-toilet-cleaner-peach-apple","name":"Scent Switch Peach & Apple Toilet Cleaner","brand":"Bref","imageUrls":["https://shop.coles.com.au/wcsstore/Coles-CAS/images/3/4/7/3475864.jpg"],"storeId":"coles","packageSize":"50g","cupPrice":"$6.00 per 100G","locations":{"VIC":{"price":3,"discountRate":50,"promo":"","orgPrice":6}},"categoryIds":["c-household"],"similarProductIds":[]},{"id":"bref-deluxe-in-bowl-cleaner-lovely-jasmine","name":"Deluxe In Bowl Cleaner Lovely Jasmine","brand":"Bref","imageUrls":["https://shop.coles.com.au/wcsstore/Coles-CAS/images/3/7/4/3744729.jpg"],"storeId":"coles","packageSize":"50 GRAM","cupPrice":"","locations":{"VIC":{"price":3,"discountRate":50,"promo":"","orgPrice":6}},"categoryIds":["c-household"],"similarProductIds":[]},{"id":"bref-deluxe-in-bowl-cleaner-delicate-magnolia","name":"Deluxe In Bowl Cleaner Delicate Magnolia","brand":"Bref","imageUrls":["https://shop.coles.com.au/wcsstore/Coles-CAS/images/3/7/4/3744718.jpg"],"storeId":"coles","packageSize":"50 GRAM","cupPrice":"","locations":{"VIC":{"price":3,"discountRate":50,"promo":"","orgPrice":6}},"categoryIds":["c-household"],"similarProductIds":[]},{"id":"bref-pro-nature-mint-eucalyptus-50g","name":"Pro Nature Mint & Eucalyptus","brand":"Bref","imageUrls":["https://shop.coles.com.au/wcsstore/Coles-CAS/images/3/7/9/3797838.jpg"],"storeId":"coles","packageSize":"50g","cupPrice":"$6.00 per 100G","locations":{"VIC":{"price":3,"discountRate":50,"promo":"","orgPrice":6}},"categoryIds":["c-household"],"similarProductIds":[]},{"id":"bref-turquoise-active-in-bowl-active-ocean","name":"Turquoise Active Ocean","brand":"Bref","imageUrls":["https://shop.coles.com.au/wcsstore/Coles-CAS/images/3/7/4/3744784.jpg"],"storeId":"coles","packageSize":"50g","cupPrice":"$6.00 per 100G","locations":{"VIC":{"price":3,"discountRate":50,"promo":"","orgPrice":6}},"categoryIds":["c-household"],"similarProductIds":[]},{"id":"bref-deluxe-in-bowl-cleaner-magic-monflower","name":"Deluxe In Bowl Cleaner Magic Moonflower","brand":"Bref","imageUrls":["https://shop.coles.com.au/wcsstore/Coles-CAS/images/3/7/4/3744730.jpg"],"storeId":"coles","packageSize":"50 GRAM","cupPrice":"","locations":{"VIC":{"price":3,"discountRate":50,"promo":"","orgPrice":6}},"categoryIds":["c-household"],"similarProductIds":[]},{"id":"bref-pro-nature-grapefruit-50g","name":"Pro Nature Grapefruit","brand":"Bref","imageUrls":["https://shop.coles.com.au/wcsstore/Coles-CAS/images/3/7/9/3797860.jpg"],"storeId":"coles","packageSize":"50g","cupPrice":"$6.00 per 100G","locations":{"VIC":{"price":3,"discountRate":50,"promo":"","orgPrice":6}},"categoryIds":["c-household"],"similarProductIds":[]},{"id":"bref-blue-active-in-bowl-flower-blossom","name":"Blue Active In Bowl Flower Blossom","brand":"Bref","imageUrls":["https://shop.coles.com.au/wcsstore/Coles-CAS/images/3/7/4/3744795.jpg"],"storeId":"coles","packageSize":"50 GRAM","cupPrice":"","locations":{"VIC":{"price":3,"discountRate":50,"promo":"","orgPrice":6}},"categoryIds":["c-household"],"similarProductIds":[]},{"id":"cold-power-laundry-liquid-capsules","name":"Liquid Capsules","brand":"Cold Power","imageUrls":["https://shop.coles.com.au/wcsstore/Coles-CAS/images/2/8/2/2823739.jpg"],"storeId":"coles","packageSize":"18 pack","cupPrice":"$0.33 per 1Ea","locations":{"VIC":{"price":6,"discountRate":50,"promo":"","orgPrice":12}},"categoryIds":["c-household"],"similarProductIds":[]},{"id":"comfort-fabric-softener-rosy-blush","name":"Rosy Blush Fabric Softener","brand":"Comfort","imageUrls":["https://shop.coles.com.au/wcsstore/Coles-CAS/images/8/2/1/8210969.jpg"],"storeId":"coles","packageSize":"800mL","cupPrice":"$4.38 per 1L","locations":{"VIC":{"price":3.5,"discountRate":50,"promo":"","orgPrice":7}},"categoryIds":["c-household"],"similarProductIds":[]},{"id":"comfort-fabric-cndtnr-aroma-vanilla-orchid","name":"Aromatherapy Vanilla Orchid Fabric Conditioner","brand":"Comfort","imageUrls":["https://shop.coles.com.au/wcsstore/Coles-CAS/images/3/2/1/3214565.jpg"],"storeId":"coles","packageSize":"750mL","cupPrice":"$4.67 per 1L","locations":{"VIC":{"price":3.5,"discountRate":50,"promo":"","orgPrice":7}},"categoryIds":["c-household"],"similarProductIds":[]},{"id":"cook-dine-plastic-clear-wine-glass","name":"Plastic Clear Wine Glasses","brand":"Cook & Dine","imageUrls":["https://shop.coles.com.au/wcsstore/Coles-CAS/images/2/3/6/2369260.jpg"],"storeId":"coles","packageSize":"10 pack","cupPrice":"$0.33 per 1Ea","locations":{"VIC":{"price":3.3,"discountRate":24,"promo":"Any 2 $5","orgPrice":3.3}},"categoryIds":["c-household"],"similarProductIds":[]},{"id":"cook-dine-red-pattern-serviettes","name":"Coloured Serviettes","brand":"Cook & Dine","imageUrls":["https://shop.coles.com.au/wcsstore/Coles-CAS/images/2/3/6/2361429.jpg"],"storeId":"coles","packageSize":"50 pack","cupPrice":"$6.60 per 100Ea","locations":{"VIC":{"price":3.3,"discountRate":24,"promo":"Any 2 $5","orgPrice":3.3}},"categoryIds":["c-household"],"similarProductIds":[]},{"id":"cook-dine-light-blue-pattern-serviettes","name":"Mixed Pattern Serviettes","brand":"Cook & Dine","imageUrls":["https://shop.coles.com.au/wcsstore/Coles-CAS/images/2/3/6/2361430.jpg"],"storeId":"coles","packageSize":"50 pack","cupPrice":"$6.60 per 100Ea","locations":{"VIC":{"price":3.3,"discountRate":24,"promo":"Any 2 $5","orgPrice":3.3}},"categoryIds":["c-household"],"similarProductIds":[]},{"id":"cook-dine-white-oval-plate","name":"Plastic Oval Plates","brand":"Cook & Dine","imageUrls":["https://shop.coles.com.au/wcsstore/Coles-CAS/images/2/3/6/2369318.jpg"],"storeId":"coles","packageSize":"10 pack","cupPrice":"$0.33 per 1Ea","locations":{"VIC":{"price":3.3,"discountRate":24,"promo":"Any 2 $5","orgPrice":3.3}},"categoryIds":["c-household"],"similarProductIds":[]},{"id":"cook-dine-large-square-plastic-bowls","name":"Large Plastic Square Bowls","brand":"Cook & Dine","imageUrls":["https://shop.coles.com.au/wcsstore/Coles-CAS/images/3/1/4/3146614.jpg"],"storeId":"coles","packageSize":"4 pack","cupPrice":"$0.83 per 1Ea","locations":{"VIC":{"price":3.3,"discountRate":24,"promo":"Any 2 $5","orgPrice":3.3}},"categoryIds":["c-household"],"similarProductIds":[]},{"id":"cok-dine-stainless-stel-slotted-spon","name":"Stainless Steel Slotted Spoon","brand":"Cook & Dine","imageUrls":["https://shop.coles.com.au/wcsstore/Coles-CAS/images/3/6/7/3676516.jpg"],"storeId":"coles","packageSize":"","cupPrice":"$4.00 per 1Ea","locations":{"VIC":{"price":4,"discountRate":20,"promo":"","orgPrice":5}},"categoryIds":["c-household"],"similarProductIds":[]},{"id":"cok-dine-stainless-stel-solid-spon","name":"Stainless Steel Solid Spoon","brand":"Cook & Dine","imageUrls":["https://shop.coles.com.au/wcsstore/Coles-CAS/images/3/6/7/3676527.jpg"],"storeId":"coles","packageSize":"","cupPrice":"$4.00 per 1Ea","locations":{"VIC":{"price":4,"discountRate":20,"promo":"","orgPrice":5}},"categoryIds":["c-household"],"similarProductIds":[]},{"id":"cok-dine-stainless-stel-slotted-turner","name":"Stainless Steel Slotted Turner","brand":"Cook & Dine","imageUrls":["https://shop.coles.com.au/wcsstore/Coles-CAS/images/3/6/7/3676425.jpg"],"storeId":"coles","packageSize":"","cupPrice":"$4.00 per 1Ea","locations":{"VIC":{"price":4,"discountRate":20,"promo":"","orgPrice":5}},"categoryIds":["c-household"],"similarProductIds":[]},{"id":"cok-dine-stainless-stel-pasta-server","name":"Stainless Steel Pasta Server","brand":"Cook & Dine","imageUrls":["https://shop.coles.com.au/wcsstore/Coles-CAS/images/3/6/7/3676560.jpg"],"storeId":"coles","packageSize":"","cupPrice":"$4.00 per 1Ea","locations":{"VIC":{"price":4,"discountRate":20,"promo":"","orgPrice":5}},"categoryIds":["c-household"],"similarProductIds":[]},{"id":"cok-dine-skimmer-cok-dine-skimmer","name":"Skimmer","brand":"Cook & Dine","imageUrls":["https://shop.coles.com.au/wcsstore/Coles-CAS/images/3/6/7/3676480.jpg"],"storeId":"coles","packageSize":"","cupPrice":"$4.00 per 1Ea","locations":{"VIC":{"price":4,"discountRate":20,"promo":"","orgPrice":5}},"categoryIds":["c-household"],"similarProductIds":[]},{"id":"culinare-can-opener-magican","name":"Magican Can Opener","brand":"Culinare","imageUrls":["https://shop.coles.com.au/wcsstore/Coles-CAS/images/5/4/1/5418602.jpg"],"storeId":"coles","packageSize":"","cupPrice":"$11.20 per 1Ea","locations":{"VIC":{"price":11.2,"discountRate":30,"promo":"","orgPrice":16}},"categoryIds":["c-household"],"similarProductIds":[]},{"id":"damp-rid-moisture-absorber-hanging-bag","name":"Rid Moisture Absorber Hanging Bag","brand":"Damp","imageUrls":["https://shop.coles.com.au/wcsstore/Coles-CAS/images/3/7/4/3746010.jpg"],"storeId":"coles","packageSize":"3 pack","cupPrice":"$5.83 per 1Ea","locations":{"VIC":{"price":17.5,"discountRate":13,"promo":"","orgPrice":20}},"categoryIds":["c-household"],"similarProductIds":[]},{"id":"disposable-vinyl-gloves-medium","name":"Vinyl Gloves Medium","brand":"Disposable","imageUrls":["https://shop.coles.com.au/wcsstore/ColesResponsiveStorefrontAssetStore/dist/ccfc54aed6e361b650bcf0582f7b576b/img/img_product-placeholder.png"],"storeId":"coles","packageSize":"100 pack","cupPrice":"$0.13 per 1Ea","locations":{"VIC":{"price":13,"discountRate":0,"promo":"","orgPrice":13}},"categoryIds":["c-household"],"similarProductIds":[]},{"id":"dr-beckmann-appliance-descaler","name":"Appliance Descaler","brand":"Dr Beckmann","imageUrls":["https://shop.coles.com.au/wcsstore/Coles-CAS/images/2/7/4/2749239.jpg"],"storeId":"coles","packageSize":"250mL","cupPrice":"$2.24 per 100mL","locations":{"VIC":{"price":5.6,"discountRate":20,"promo":"","orgPrice":7}},"categoryIds":["c-household"],"similarProductIds":[]},{"id":"dr-beckmann-pet-stain-odour-remover","name":"Pet Stain & Odour Remover","brand":"Dr Beckmann","imageUrls":["https://shop.coles.com.au/wcsstore/Coles-CAS/images/3/3/1/3319701.jpg"],"storeId":"coles","packageSize":"650mL","cupPrice":"$0.98 per 100mL","locations":{"VIC":{"price":6.4,"discountRate":20,"promo":"","orgPrice":8}},"categoryIds":["c-household"],"similarProductIds":[]},{"id":"duracell-rechargeable-batteries-aaa-precharged","name":"Recharge Ultra AAA Rechargeable Batteries","brand":"Duracell","imageUrls":["https://shop.coles.com.au/wcsstore/Coles-CAS/images/1/0/1/1014543.jpg"],"storeId":"coles","packageSize":"4 pack","cupPrice":"$4.75 per 1Ea","locations":{"VIC":{"price":19,"discountRate":24,"promo":"","orgPrice":24.9}},"categoryIds":["c-household"],"similarProductIds":[]},{"id":"duracell-rechargeable-battery-charger-cef14","name":"CEF14 Hi-Speed Rechargeable Battery Charger","brand":"Duracell","imageUrls":["https://shop.coles.com.au/wcsstore/Coles-CAS/images/1/0/1/1014601.jpg"],"storeId":"coles","packageSize":"1 pack","cupPrice":"$19.00 per 1Ea","locations":{"VIC":{"price":19,"discountRate":38,"promo":"","orgPrice":30.4}},"categoryIds":["c-household"],"similarProductIds":[]},{"id":"duracell-recharge-batteries-precharged-aa","name":"Recharge Ultra Precharged Rechargeable AA Batteries","brand":"Duracell","imageUrls":["https://shop.coles.com.au/wcsstore/Coles-CAS/images/1/0/1/1014598.jpg"],"storeId":"coles","packageSize":"4 pack","cupPrice":"$4.75 per 1Ea","locations":{"VIC":{"price":19,"discountRate":24,"promo":"","orgPrice":24.9}},"categoryIds":["c-household"],"similarProductIds":[]},{"id":"duracell-ultra-alkaline-batteries-aaa","name":"Ultra Performance AAA Alkaline Batteries","brand":"Duracell","imageUrls":["https://shop.coles.com.au/wcsstore/Coles-CAS/images/7/9/6/7969312.jpg"],"storeId":"coles","packageSize":"4 pack","cupPrice":"$1.82 per 1Ea","locations":{"VIC":{"price":7.28,"discountRate":30,"promo":"","orgPrice":10.4}},"categoryIds":["c-household"],"similarProductIds":[]},{"id":"duracell-ultra-alkaline-batteries-aa","name":"Ultra Alkaline AA Batteries","brand":"Duracell","imageUrls":["https://shop.coles.com.au/wcsstore/Coles-CAS/images/7/9/6/7969210.jpg"],"storeId":"coles","packageSize":"4 pack","cupPrice":"$1.82 per 1Ea","locations":{"VIC":{"price":7.28,"discountRate":30,"promo":"","orgPrice":10.4}},"categoryIds":["c-household"],"similarProductIds":[]},{"id":"dynamo-professional-capsules","name":"Professional Capsules","brand":"Dynamo","imageUrls":["https://shop.coles.com.au/wcsstore/Coles-CAS/images/3/1/9/3196168.jpg"],"storeId":"coles","packageSize":"16 pack","cupPrice":"$0.39 per 1Ea","locations":{"VIC":{"price":6.25,"discountRate":50,"promo":"","orgPrice":12.5}},"categoryIds":["c-household"],"similarProductIds":[]},{"id":"dynamo-prof-l-liquid-oxi-plus","name":"Profession Oxi Plus Liquid","brand":"Dynamo","imageUrls":["https://shop.coles.com.au/wcsstore/Coles-CAS/images/3/7/7/3777921.jpg"],"storeId":"coles","packageSize":"900mL","cupPrice":"$6.67 per 1L","locations":{"VIC":{"price":6,"discountRate":50,"promo":"","orgPrice":12}},"categoryIds":["c-household"],"similarProductIds":[]},{"id":"dynamo-prof-l-liquid-7-in-1","name":"Profession 7 In 1 Laundry Liquid","brand":"Dynamo","imageUrls":["https://shop.coles.com.au/wcsstore/Coles-CAS/images/3/7/7/3774264.jpg"],"storeId":"coles","packageSize":"900mL","cupPrice":"$6.67 per 1L","locations":{"VIC":{"price":6,"discountRate":50,"promo":"","orgPrice":12}},"categoryIds":["c-household"],"similarProductIds":[]},{"id":"earth-choice-ultra-fabric-softener-wild-orchard","name":"Wild Orchid & Magnolia Ultra Fabric Softener","brand":"Earth Choice","imageUrls":["https://shop.coles.com.au/wcsstore/Coles-CAS/images/2/9/1/2912737.jpg"],"storeId":"coles","packageSize":"1L","cupPrice":"$4.80 per 1L","locations":{"VIC":{"price":4.8,"discountRate":20,"promo":"","orgPrice":6}},"categoryIds":["c-household"],"similarProductIds":[]},{"id":"earth-choice-laundry-liquid-bioplus","name":"Ultra Concentrate Bio Plus+ Laundry Liquid With Stain Remover","brand":"Earth Choice","imageUrls":["https://shop.coles.com.au/wcsstore/Coles-CAS/images/3/1/9/3196656.jpg"],"storeId":"coles","packageSize":"2L","cupPrice":"$5.60 per 1L","locations":{"VIC":{"price":11.2,"discountRate":20,"promo":"","orgPrice":14}},"categoryIds":["c-household"],"similarProductIds":[]},{"id":"finish-0-dishwashing-tablets","name":"DishwasherTablets","brand":"Finish","imageUrls":["https://shop.coles.com.au/wcsstore/Coles-CAS/images/3/5/0/3509092.jpg"],"storeId":"coles","packageSize":"22 pack","cupPrice":"$0.77 per 1Ea","locations":{"VIC":{"price":17,"discountRate":29,"promo":"2 for $24","orgPrice":17}},"categoryIds":["c-household"],"similarProductIds":[]},{"id":"finish-0-dishwasher-rinse-aid","name":"Rinse Aid 0% Dishwasher","brand":"Finish","imageUrls":["https://shop.coles.com.au/wcsstore/Coles-CAS/images/3/5/1/3514194.jpg"],"storeId":"coles","packageSize":"400mL","cupPrice":"$2.00 per 100mL","locations":{"VIC":{"price":8,"discountRate":25,"promo":"2 for $12","orgPrice":8}},"categoryIds":["c-household"],"similarProductIds":[]},{"id":"finish-dishwash-quantum-ultimate-pro-lemon-3679128p","name":"Quantum Ultimate Pro Lemon Dishwash Tablets","brand":"Finish","imageUrls":["https://shop.coles.com.au/wcsstore/Coles-CAS/images/3/6/7/3679128.jpg"],"storeId":"coles","packageSize":"16 pack","cupPrice":"$1.06 per 1Ea","locations":{"VIC":{"price":17,"discountRate":29,"promo":"Any 2 $24","orgPrice":17}},"categoryIds":["c-household"],"similarProductIds":[]},{"id":"finish-dishwash-quantum-ultimate-pro-original-3679139p","name":"Quantum Ultimate Pro Original Dishwash Tablets","brand":"Finish","imageUrls":["https://shop.coles.com.au/wcsstore/Coles-CAS/images/3/6/7/3679139.jpg"],"storeId":"coles","packageSize":"16 pack","cupPrice":"$1.06 per 1Ea","locations":{"VIC":{"price":17,"discountRate":29,"promo":"Any 2 $24","orgPrice":17}},"categoryIds":["c-household"],"similarProductIds":[]},{"id":"harpic-fresh-power-6-itb-toilet-cleaner-summer-breeze","name":"Fresh Power6 Toilet Cleaner Summer Breeze","brand":"Harpic","imageUrls":["https://shop.coles.com.au/wcsstore/Coles-CAS/images/3/0/3/3035001.jpg"],"storeId":"coles","packageSize":"39g","cupPrice":"$12.82 per 100G","locations":{"VIC":{"price":5,"discountRate":30,"promo":"Any 2 $7","orgPrice":5}},"categoryIds":["c-household"],"similarProductIds":[]},{"id":"harpic-itb-toilet-cleaner-purple-power","name":"ITB Purple Power Toilet Cleaner","brand":"Harpic","imageUrls":["https://shop.coles.com.au/wcsstore/Coles-CAS/images/3/2/2/3224933.jpg"],"storeId":"coles","packageSize":"39g","cupPrice":"$5.00 per 1Ea","locations":{"VIC":{"price":5,"discountRate":30,"promo":"Any 2 $7","orgPrice":5}},"categoryIds":["c-household"],"similarProductIds":[]},{"id":"harpic-white-shine-itb-toilet-cleaner-bleach","name":"Lime Fresh White & Shine Toilet Cleaner Bleach","brand":"Harpic","imageUrls":["https://shop.coles.com.au/wcsstore/Coles-CAS/images/3/4/7/3476084.jpg"],"storeId":"coles","packageSize":"39g","cupPrice":"$12.82 per 100G","locations":{"VIC":{"price":5,"discountRate":30,"promo":"Any 2 $7","orgPrice":5}},"categoryIds":["c-household"],"similarProductIds":[]},{"id":"harpic-fresh-power-itb-toilet-cleaner-pine-fores","name":"Pine Forest Toilet Block Cleaner","brand":"Harpic","imageUrls":["https://shop.coles.com.au/wcsstore/Coles-CAS/images/3/5/2/3527709.jpg"],"storeId":"coles","packageSize":"39g","cupPrice":"$12.82 per 100G","locations":{"VIC":{"price":5,"discountRate":30,"promo":"Any 2 $7","orgPrice":5}},"categoryIds":["c-household"],"similarProductIds":[]},{"id":"harpic-eco-fresh-in-bowl-cleaner-citrus-twin-pack","name":"Eco Fresh In Bowl Cleaner Citrus 2 Pack","brand":"Harpic","imageUrls":["https://shop.coles.com.au/wcsstore/Coles-CAS/images/3/7/4/3744489.jpg"],"storeId":"coles","packageSize":"70g","cupPrice":"$3.00 per 1Ea","locations":{"VIC":{"price":6,"discountRate":25,"promo":"Any 2 $9","orgPrice":6}},"categoryIds":["c-household"],"similarProductIds":[]},{"id":"harpic-eco-fresh-in-bowl-cleaner-eucalyptis-twin","name":"Eco Fresh In Bowl Cleaner Eucalyptus 2 Pack","brand":"Harpic","imageUrls":["https://shop.coles.com.au/wcsstore/Coles-CAS/images/3/7/4/3744467.jpg"],"storeId":"coles","packageSize":"70g","cupPrice":"$3.00 per 1Ea","locations":{"VIC":{"price":6,"discountRate":25,"promo":"Any 2 $9","orgPrice":6}},"categoryIds":["c-household"],"similarProductIds":[]},{"id":"harpic-germ-fighting-hok-bleach-eucalyptus-twin-pk","name":"Germ Fighting Hook Bleach Eucalyptus 2 Pack","brand":"Harpic","imageUrls":["https://shop.coles.com.au/wcsstore/Coles-CAS/images/3/7/4/3744445.jpg"],"storeId":"coles","packageSize":"70g","cupPrice":"$3.00 per 1Ea","locations":{"VIC":{"price":6,"discountRate":25,"promo":"Any 2 $9","orgPrice":6}},"categoryIds":["c-household"],"similarProductIds":[]},{"id":"harpic-infinite-scent-itb-hok-marine","name":"Infinite Scent Hook Marine","brand":"Harpic","imageUrls":["https://shop.coles.com.au/wcsstore/Coles-CAS/images/3/7/8/3785453.jpg"],"storeId":"coles","packageSize":"2 pack","cupPrice":"$3.00 per 1Ea","locations":{"VIC":{"price":6,"discountRate":25,"promo":"Any 2 $9","orgPrice":6}},"categoryIds":["c-household"],"similarProductIds":[]},{"id":"harpic-itb-blue-power-floral-sensations","name":"ITB Blue Power Floral Sensations","brand":"Harpic","imageUrls":["https://shop.coles.com.au/wcsstore/Coles-CAS/images/3/7/8/3785420.jpg"],"storeId":"coles","packageSize":"39 GRAM","cupPrice":"","locations":{"VIC":{"price":5,"discountRate":30,"promo":"Any 2 $7","orgPrice":5}},"categoryIds":["c-household"],"similarProductIds":[]},{"id":"hippo-moisture-absorber-for-cupboards","name":"Moisture Absorber For Cupboards","brand":"Hippo","imageUrls":["https://shop.coles.com.au/wcsstore/Coles-CAS/images/9/3/7/9371850.jpg"],"storeId":"coles","packageSize":"300g","cupPrice":"$2.45 per 100G","locations":{"VIC":{"price":7.35,"discountRate":18,"promo":"2 for $12","orgPrice":7.35}},"categoryIds":["c-household"],"similarProductIds":[]},{"id":"marbig-colourhide-notebook-a5-assorted","name":"Colourhide Notebook A5 Assorted","brand":"Marbig","imageUrls":["https://shop.coles.com.au/wcsstore/Coles-CAS/images/1/8/3/1838526.jpg"],"storeId":"coles","packageSize":"200 page","cupPrice":"","locations":{"VIC":{"price":5.52,"discountRate":20,"promo":"","orgPrice":6.8999999999999995}},"categoryIds":["c-household"],"similarProductIds":[]},{"id":"modo-sugarcane-side-bowl","name":"Eco Living Sugarcane Pulp Disposable Side Bowls","brand":"Modo","imageUrls":["https://shop.coles.com.au/wcsstore/Coles-CAS/images/3/3/8/3385830.jpg"],"storeId":"coles","packageSize":"10 pack","cupPrice":"$0.32 per 1Ea","locations":{"VIC":{"price":3.2,"discountRate":20,"promo":"","orgPrice":4}},"categoryIds":["c-household"],"similarProductIds":[]},{"id":"modo-sugarcane-dinner-plate","name":"Eco Living Sugarcane Pulp Disposable Dinner Plates","brand":"Modo","imageUrls":["https://shop.coles.com.au/wcsstore/Coles-CAS/images/3/3/8/3385772.jpg"],"storeId":"coles","packageSize":"10 pack","cupPrice":"$0.28 per 1Ea","locations":{"VIC":{"price":2.8,"discountRate":20,"promo":"","orgPrice":3.5}},"categoryIds":["c-household"],"similarProductIds":[]},{"id":"modo-sugarcane-side-plate","name":"Eco Living Sugarcane Pulp Disposable Side Plate","brand":"Modo","imageUrls":["https://shop.coles.com.au/wcsstore/Coles-CAS/images/3/3/8/3385808.jpg"],"storeId":"coles","packageSize":"10 pack","cupPrice":"$0.16 per 1Ea","locations":{"VIC":{"price":1.6,"discountRate":20,"promo":"","orgPrice":2}},"categoryIds":["c-household"],"similarProductIds":[]},{"id":"modo-paper-straws","name":"Eco Living Disposable Paper Straws","brand":"Modo","imageUrls":["https://shop.coles.com.au/wcsstore/Coles-CAS/images/3/3/8/3385998.jpg"],"storeId":"coles","packageSize":"50 pack","cupPrice":"$3.50 per 100Ea","locations":{"VIC":{"price":1.75,"discountRate":20,"promo":"","orgPrice":2.2}},"categoryIds":["c-household"],"similarProductIds":[]},{"id":"modo-ecoliving-paper-cups-modo-ecoliving-paper-cups","name":"Ecoliving Paper Cups","brand":"Modo","imageUrls":["https://shop.coles.com.au/wcsstore/Coles-CAS/images/3/5/7/3573900.jpg"],"storeId":"coles","packageSize":"10 pack","cupPrice":"$0.24 per 1Ea","locations":{"VIC":{"price":2.4,"discountRate":20,"promo":"","orgPrice":3}},"categoryIds":["c-household"],"similarProductIds":[]},{"id":"modo-ecoliving-a4-recycled-notebok","name":"Ecoliving A4 Recycled Spiral Bound Notebook 176 Pages","brand":"Modo","imageUrls":["https://shop.coles.com.au/wcsstore/Coles-CAS/images/3/7/8/3782353.jpg"],"storeId":"coles","packageSize":"","cupPrice":"$4.00 per 1Ea","locations":{"VIC":{"price":4,"discountRate":20,"promo":"","orgPrice":5}},"categoryIds":["c-household"],"similarProductIds":[]},{"id":"modo-ecoliving-hb-recycled-pencils","name":"Ecoliving HB Recycled Pencils","brand":"Modo","imageUrls":["https://shop.coles.com.au/wcsstore/Coles-CAS/images/3/7/8/3782251.jpg"],"storeId":"coles","packageSize":"12 pack","cupPrice":"$0.27 per 1Ea","locations":{"VIC":{"price":3.2,"discountRate":20,"promo":"","orgPrice":4}},"categoryIds":["c-household"],"similarProductIds":[]},{"id":"modo-ecoliving-recycled-corn-pens","name":"Ecoliving Recycled Corn Pens","brand":"Modo","imageUrls":["https://shop.coles.com.au/wcsstore/Coles-CAS/images/3/7/8/3782182.jpg"],"storeId":"coles","packageSize":"2 pack","cupPrice":"$1.20 per 1Ea","locations":{"VIC":{"price":2.4,"discountRate":20,"promo":"","orgPrice":3}},"categoryIds":["c-household"],"similarProductIds":[]},{"id":"modo-ecoliving-recycled-sticky-notes","name":"Ecoliving Recycled Sticky Notes","brand":"Modo","imageUrls":["https://shop.coles.com.au/wcsstore/Coles-CAS/images/3/7/8/3784122.jpg"],"storeId":"coles","packageSize":"2 pack","cupPrice":"$1.60 per 1Ea","locations":{"VIC":{"price":3.2,"discountRate":20,"promo":"","orgPrice":4}},"categoryIds":["c-household"],"similarProductIds":[]},{"id":"modo-ecoliving-a4-recycled-notebok-3782342p","name":"Ecoliving A4 Recycled Notebook","brand":"Modo","imageUrls":["https://shop.coles.com.au/wcsstore/Coles-CAS/images/3/7/8/3782342.jpg"],"storeId":"coles","packageSize":"2 pack","cupPrice":"$2.00 per 1Ea","locations":{"VIC":{"price":4,"discountRate":20,"promo":"","orgPrice":5}},"categoryIds":["c-household"],"similarProductIds":[]},{"id":"modo-ecoliving-recycled-coloured-pencils","name":"Ecoliving Recycled Coloured Pencils","brand":"Modo","imageUrls":["https://shop.coles.com.au/wcsstore/Coles-CAS/images/3/7/8/3782310.jpg"],"storeId":"coles","packageSize":"12 pack","cupPrice":"$0.27 per 1Ea","locations":{"VIC":{"price":3.2,"discountRate":20,"promo":"","orgPrice":4}},"categoryIds":["c-household"],"similarProductIds":[]},{"id":"modo-ecoliving-recycled-pens","name":"Ecoliving Recycled Pens","brand":"Modo","imageUrls":["https://shop.coles.com.au/wcsstore/Coles-CAS/images/3/7/8/3782229.jpg"],"storeId":"coles","packageSize":"4 pack","cupPrice":"$0.60 per 1Ea","locations":{"VIC":{"price":2.4,"discountRate":20,"promo":"","orgPrice":3}},"categoryIds":["c-household"],"similarProductIds":[]},{"id":"organic-choice-lemongrass-cedarwood-candle","name":"Lemongrass & Cedarwood Candle","brand":"Organic Choice","imageUrls":["https://shop.coles.com.au/wcsstore/Coles-CAS/images/2/3/5/2357931.jpg"],"storeId":"coles","packageSize":"200g","cupPrice":"$10.50 per 1Ea","locations":{"VIC":{"price":10.5,"discountRate":30,"promo":"","orgPrice":15}},"categoryIds":["c-household"],"similarProductIds":[]},{"id":"organic-choice-lemongrass-cedarwood-air-freshener","name":"Lemongrass & Cedarwood Air Freshener","brand":"Organic Choice","imageUrls":["https://shop.coles.com.au/wcsstore/Coles-CAS/images/2/3/5/2357614.jpg"],"storeId":"coles","packageSize":"200mL","cupPrice":"$0.18 per 10mL","locations":{"VIC":{"price":3.5,"discountRate":30,"promo":"","orgPrice":5}},"categoryIds":["c-household"],"similarProductIds":[]},{"id":"organic-choice-reed-diffuser-lemongrass-cedarwood","name":"Fragranced Reed Diffuser Lemongrass & Cedarwood","brand":"Organic Choice","imageUrls":["https://shop.coles.com.au/wcsstore/Coles-CAS/images/3/0/5/3058765.jpg"],"storeId":"coles","packageSize":"50mL","cupPrice":"$21.00 per 100mL","locations":{"VIC":{"price":10.5,"discountRate":30,"promo":"","orgPrice":15}},"categoryIds":["c-household"],"similarProductIds":[]},{"id":"organic-choice-reed-diffuser-west-indian-lime-coconut","name":"Reed Diffuser West Indian Lime & Coconut","brand":"Organic Choice","imageUrls":["https://shop.coles.com.au/wcsstore/Coles-CAS/images/3/0/5/3058787.jpg"],"storeId":"coles","packageSize":"50mL","cupPrice":"$2.10 per 10mL","locations":{"VIC":{"price":10.5,"discountRate":30,"promo":"","orgPrice":15}},"categoryIds":["c-household"],"similarProductIds":[]},{"id":"organic-choice-luxe-laundry-liquid-p-a","name":"Rose & Angelica Luxe Laundry Liquid","brand":"Organic Choice","imageUrls":["https://shop.coles.com.au/wcsstore/Coles-CAS/images/3/1/9/3193771.jpg"],"storeId":"coles","packageSize":"1L","cupPrice":"$7.95 per 1L","locations":{"VIC":{"price":7.95,"discountRate":21,"promo":"","orgPrice":10}},"categoryIds":["c-household"],"similarProductIds":[]},{"id":"organic-choice-luxe-laundry-liquid-le","name":"Orange Bergamot & Wild Lavender Luxe Laundry Liquid","brand":"Organic Choice","imageUrls":["https://shop.coles.com.au/wcsstore/Coles-CAS/images/3/1/9/3193749.jpg"],"storeId":"coles","packageSize":"1L","cupPrice":"$7.95 per 1L","locations":{"VIC":{"price":7.95,"discountRate":21,"promo":"","orgPrice":10}},"categoryIds":["c-household"],"similarProductIds":[]},{"id":"organic-choice-rd-dffsr-blck-orchid-smkd-sndlwd","name":"Black Orchid & Smoked Sandalwood Reed Diffuser","brand":"Organic Choice","imageUrls":["https://shop.coles.com.au/wcsstore/Coles-CAS/images/3/7/2/3721224.jpg"],"storeId":"coles","packageSize":"50mL","cupPrice":"$21.00 per 100mL","locations":{"VIC":{"price":10.5,"discountRate":30,"promo":"","orgPrice":15}},"categoryIds":["c-household"],"similarProductIds":[]},{"id":"organic-choice-candle-blck-orchid-smkd-sndlwd","name":"Black Orchid & Smoked Sandalwood Candle","brand":"Organic Choice","imageUrls":["https://shop.coles.com.au/wcsstore/Coles-CAS/images/3/7/2/3721202.jpg"],"storeId":"coles","packageSize":"","cupPrice":"$10.50 per 1Ea","locations":{"VIC":{"price":10.5,"discountRate":30,"promo":"","orgPrice":15}},"categoryIds":["c-household"],"similarProductIds":[]},{"id":"organic-choice-candle-melaleuca-native-blssm","name":"Melaleuca & Native Blossom Candle","brand":"Organic Choice","imageUrls":["https://shop.coles.com.au/wcsstore/Coles-CAS/images/3/7/2/3721199.jpg"],"storeId":"coles","packageSize":"","cupPrice":"$10.50 per 1Ea","locations":{"VIC":{"price":10.5,"discountRate":30,"promo":"","orgPrice":15}},"categoryIds":["c-household"],"similarProductIds":[]},{"id":"organic-choice-ar-frshnr-melaleuca-native-blssm","name":"Melaleuca & Native Blossom Air Freshener","brand":"Organic Choice","imageUrls":["https://shop.coles.com.au/wcsstore/Coles-CAS/images/3/7/2/3721235.jpg"],"storeId":"coles","packageSize":"200mL","cupPrice":"$1.75 per 100mL","locations":{"VIC":{"price":3.5,"discountRate":30,"promo":"","orgPrice":5}},"categoryIds":["c-household"],"similarProductIds":[]},{"id":"organic-choice-rd-dffsr-melaleuca-native-blssm","name":"Melaleuca & Native Blossom Reed Diffuser","brand":"Organic Choice","imageUrls":["https://shop.coles.com.au/wcsstore/Coles-CAS/images/3/7/2/3721213.jpg"],"storeId":"coles","packageSize":"50mL","cupPrice":"$21.00 per 100mL","locations":{"VIC":{"price":10.5,"discountRate":30,"promo":"","orgPrice":15}},"categoryIds":["c-household"],"similarProductIds":[]},{"id":"ozklen-bbq-klen-ozklen-bbq-klen","name":"BBQ Kleen","brand":"Ozkleen","imageUrls":["https://shop.coles.com.au/wcsstore/Coles-CAS/images/3/6/7/3673085.jpg"],"storeId":"coles","packageSize":"500mL","cupPrice":"$1.36 per 100mL","locations":{"VIC":{"price":6.8,"discountRate":20,"promo":"","orgPrice":8.5}},"categoryIds":["c-household"],"similarProductIds":[]},{"id":"palmolive-eco-dishwashing-liquid-coconut-lime-3743395p","name":"Eco Dishwashing Liquid Coconut & Lime","brand":"Palmolive","imageUrls":["https://shop.coles.com.au/wcsstore/Coles-CAS/images/3/7/4/3743395.jpg"],"storeId":"coles","packageSize":"900 ML","cupPrice":"","locations":{"VIC":{"price":7,"discountRate":22,"promo":"","orgPrice":9}},"categoryIds":["c-household"],"similarProductIds":[]},{"id":"palmolive-eco-dishwashing-liquid-lavender-rosemary-3743384p","name":"Eco Dishwashing Liquid Lavender Rosemary","brand":"Palmolive","imageUrls":["https://shop.coles.com.au/wcsstore/Coles-CAS/images/3/7/4/3743384.jpg"],"storeId":"coles","packageSize":"900 ML","cupPrice":"","locations":{"VIC":{"price":7,"discountRate":22,"promo":"","orgPrice":9}},"categoryIds":["c-household"],"similarProductIds":[]},{"id":"pine-o-clen-simply-disinfectant-apple","name":"Simply Disinfectant Apple Trigger","brand":"Pine O Cleen","imageUrls":["https://shop.coles.com.au/wcsstore/Coles-CAS/images/3/7/4/3742111.jpg"],"storeId":"coles","packageSize":"500mL","cupPrice":"$0.70 per 100mL","locations":{"VIC":{"price":3.5,"discountRate":30,"promo":"","orgPrice":5}},"categoryIds":["c-household"],"similarProductIds":[]},{"id":"reflex-copy-paper-a4","name":"Copy Paper A4","brand":"Reflex","imageUrls":["https://shop.coles.com.au/wcsstore/Coles-CAS/images/1/2/8/1281903.jpg"],"storeId":"coles","packageSize":"1 carton","cupPrice":"$25.00 per 1ea","locations":{"VIC":{"price":25,"discountRate":28,"promo":"","orgPrice":34.95}},"categoryIds":["c-household"],"similarProductIds":[]},{"id":"sard-colour-run-remover-150ml","name":"Colour Run Remover For Colours","brand":"Sard","imageUrls":["https://shop.coles.com.au/wcsstore/Coles-CAS/images/3/2/4/3242505.jpg"],"storeId":"coles","packageSize":"150mL","cupPrice":"$33.34 per 1L","locations":{"VIC":{"price":5,"discountRate":23,"promo":"","orgPrice":6.5}},"categoryIds":["c-household"],"similarProductIds":[]},{"id":"shower-power-bathrom-cleaner-gel","name":"Bathroom Cleaner Gel","brand":"Shower Power","imageUrls":["https://shop.coles.com.au/wcsstore/Coles-CAS/images/3/7/4/3740353.jpg"],"storeId":"coles","packageSize":"750mL","cupPrice":"$0.52 per 100mL","locations":{"VIC":{"price":3.9,"discountRate":50,"promo":"","orgPrice":7.8}},"categoryIds":["c-household"],"similarProductIds":[]},{"id":"surf-laundry-liquid-quick-wash-coastal-luxury","name":"Quick Wash Coastal Luxury Laundry Liquid","brand":"Surf","imageUrls":["https://shop.coles.com.au/wcsstore/Coles-CAS/images/3/7/8/3788371.jpg"],"storeId":"coles","packageSize":"1.8L","cupPrice":"$3.89 per 1L","locations":{"VIC":{"price":7,"discountRate":13,"promo":"","orgPrice":8}},"categoryIds":["c-household"],"similarProductIds":[]},{"id":"vanish-napisan-gold-pro-oxiaction-3315890p","name":"Napisan Gold Pro Oxi Action Powder Fabric Stain Remover","brand":"Vanish","imageUrls":["https://shop.coles.com.au/wcsstore/Coles-CAS/images/3/3/1/3315890.jpg"],"storeId":"coles","packageSize":"900g","cupPrice":"$8.89 per 1Kg","locations":{"VIC":{"price":8,"discountRate":33,"promo":"","orgPrice":12}},"categoryIds":["c-household"],"similarProductIds":[]},{"id":"vanish-napisan-gold-pro-oxiaction-crystal-white-3315904p","name":"Stain Remover Fabric Powder","brand":"Vanish","imageUrls":["https://shop.coles.com.au/wcsstore/Coles-CAS/images/3/3/1/3315904.jpg"],"storeId":"coles","packageSize":"900g","cupPrice":"$8.89 per 1Kg","locations":{"VIC":{"price":8,"discountRate":33,"promo":"","orgPrice":12}},"categoryIds":["c-household"],"similarProductIds":[]},{"id":"voltaren-emulgel","name":"Emulgel Muscle and Back Pain Relief","brand":"Voltaren","imageUrls":["https://shop.coles.com.au/wcsstore/Coles-CAS/images/6/4/3/6432573.jpg"],"storeId":"coles","packageSize":"100g","cupPrice":"$17.00 per 100G","locations":{"VIC":{"price":17,"discountRate":17,"promo":"","orgPrice":20.5}},"categoryIds":["c-health--beauty"],"similarProductIds":[]},{"id":"nivea-body-lotion-rich-nourishing","name":"Rich Nourishing Body Lotion Moisturiser + Caring Almond Oil","brand":"Nivea","imageUrls":["https://shop.coles.com.au/wcsstore/Coles-CAS/images/7/1/9/7198992.jpg"],"storeId":"coles","packageSize":"400mL","cupPrice":"$1.00 per 100mL","locations":{"VIC":{"price":4,"discountRate":50,"promo":"","orgPrice":8}},"categoryIds":["c-health--beauty"],"similarProductIds":[]},{"id":"colgate-360-degree-toothbrush-adult-soft","name":"360 Degree Value Pack Soft Toothbrush","brand":"Colgate","imageUrls":["https://shop.coles.com.au/wcsstore/Coles-CAS/images/6/0/0/6005700.jpg"],"storeId":"coles","packageSize":"2 pack","cupPrice":"$2.40 per 1Ea","locations":{"VIC":{"price":4.8,"discountRate":40,"promo":"","orgPrice":8}},"categoryIds":["c-health--beauty"],"similarProductIds":[]},{"id":"colgate-plax-fresh-mouthwash-fresh-mint","name":"Plax Fresh Mint Mouthwash","brand":"Colgate","imageUrls":["https://shop.coles.com.au/wcsstore/Coles-CAS/images/7/3/0/7305006.jpg"],"storeId":"coles","packageSize":"500mL","cupPrice":"$0.72 per 100mL","locations":{"VIC":{"price":3.6,"discountRate":40,"promo":"","orgPrice":6}},"categoryIds":["c-health--beauty"],"similarProductIds":[]},{"id":"durex-lubricant-play-massage","name":"Play & Massage Lubricant","brand":"Durex","imageUrls":["https://shop.coles.com.au/wcsstore/Coles-CAS/images/5/7/8/5787405.jpg"],"storeId":"coles","packageSize":"200mL","cupPrice":"$4.50 per 100mL","locations":{"VIC":{"price":9,"discountRate":10,"promo":"","orgPrice":10}},"categoryIds":["c-health--beauty"],"similarProductIds":[]},{"id":"nivea-for-men-senstive-aftershave-balm","name":"Men Sensitive Aftershave Balm + Chamomile & Witch Hazel","brand":"Nivea","imageUrls":["https://shop.coles.com.au/wcsstore/Coles-CAS/images/8/4/7/8478145.jpg"],"storeId":"coles","packageSize":"100mL","cupPrice":"$8.05 per 100mL","locations":{"VIC":{"price":8.05,"discountRate":30,"promo":"","orgPrice":11.5}},"categoryIds":["c-health--beauty"],"similarProductIds":[]},{"id":"clearasil-ultra-pimple-cream-rapid-action","name":"Rapid Action Ultra Pimple Cream","brand":"Clearasil","imageUrls":["https://shop.coles.com.au/wcsstore/Coles-CAS/images/7/2/0/7206128.jpg"],"storeId":"coles","packageSize":"15ml","cupPrice":"$78.94 per 100mL","locations":{"VIC":{"price":11.84,"discountRate":20,"promo":"","orgPrice":14.8}},"categoryIds":["c-health--beauty"],"similarProductIds":[]},{"id":"nivea-express-hydration-body-lotion","name":"Express Hydration Body Lotion Moisturiser","brand":"Nivea","imageUrls":["https://shop.coles.com.au/wcsstore/Coles-CAS/images/7/1/9/7199000.jpg"],"storeId":"coles","packageSize":"400mL","cupPrice":"$1.00 per 100mL","locations":{"VIC":{"price":4,"discountRate":50,"promo":"","orgPrice":8}},"categoryIds":["c-health--beauty"],"similarProductIds":[]},{"id":"ky-personal-lubricant","name":"Personal Lubricant","brand":"KY","imageUrls":["https://shop.coles.com.au/wcsstore/Coles-CAS/images/6/0/7/6079706.jpg"],"storeId":"coles","packageSize":"100g","cupPrice":"$9.00 per 100G","locations":{"VIC":{"price":9,"discountRate":10,"promo":"","orgPrice":10}},"categoryIds":["c-health--beauty"],"similarProductIds":[]},{"id":"colgate-pro-relief-toothpaste-sensitive-whitening","name":"Sensitive Pro Relief Whitening Toothpaste","brand":"Colgate","imageUrls":["https://shop.coles.com.au/wcsstore/Coles-CAS/images/7/6/9/7699193.jpg"],"storeId":"coles","packageSize":"110g","cupPrice":"$5.45 per 100G","locations":{"VIC":{"price":6,"discountRate":40,"promo":"","orgPrice":10}},"categoryIds":["c-health--beauty"],"similarProductIds":[]},{"id":"nivea-body-lotion-irresistibly-smooth","name":"Irresistibly Smooth Body Lotion Moisturiser + Shea Butter","brand":"Nivea","imageUrls":["https://shop.coles.com.au/wcsstore/Coles-CAS/images/8/8/9/8898774.jpg"],"storeId":"coles","packageSize":"400mL","cupPrice":"$1.00 per 100mL","locations":{"VIC":{"price":4,"discountRate":50,"promo":"","orgPrice":8}},"categoryIds":["c-health--beauty"],"similarProductIds":[]},{"id":"nivea-for-men-moisturiser-sensitive","name":"Men Protective Face Moisturiser Cream for Sensitive Skin + SPF15","brand":"Nivea","imageUrls":["https://shop.coles.com.au/wcsstore/Coles-CAS/images/4/4/9/4496407.jpg"],"storeId":"coles","packageSize":"75mL","cupPrice":"$11.20 per 100mL","locations":{"VIC":{"price":8.4,"discountRate":30,"promo":"","orgPrice":12}},"categoryIds":["c-health--beauty"],"similarProductIds":[]},{"id":"nivea-deodorant-aerosol-mens-nfm-black-white-invisible-power","name":"Men Invisible Black And White Power Aerosol Antiperspirant Deodorant","brand":"Nivea","imageUrls":["https://shop.coles.com.au/wcsstore/Coles-CAS/images/1/1/8/1184598.jpg"],"storeId":"coles","packageSize":"250mL","cupPrice":"$1.82 per 100mL","locations":{"VIC":{"price":4.55,"discountRate":30,"promo":"","orgPrice":6.5}},"categoryIds":["c-health--beauty"],"similarProductIds":[]},{"id":"nivea-for-men-shaving-gel-sensitive","name":"Men Shaving Gel for Sensitive Skin","brand":"Nivea","imageUrls":["https://shop.coles.com.au/wcsstore/Coles-CAS/images/8/4/7/8477914.jpg"],"storeId":"coles","packageSize":"200mL","cupPrice":"$2.10 per 100mL","locations":{"VIC":{"price":4.2,"discountRate":30,"promo":"","orgPrice":6}},"categoryIds":["c-health--beauty"],"similarProductIds":[]},{"id":"nivea-anti-perspirant-invisible-for-black-white-clear-aerosol-deodorant","name":"Black & White Clear Invisible Aerosol Antiperspirant Deodorant","brand":"Nivea","imageUrls":["https://shop.coles.com.au/wcsstore/Coles-CAS/images/1/9/9/1996403.jpg"],"storeId":"coles","packageSize":"250mL","cupPrice":"$1.82 per 100mL","locations":{"VIC":{"price":4.55,"discountRate":30,"promo":"","orgPrice":6.5}},"categoryIds":["c-health--beauty"],"similarProductIds":[]},{"id":"nivea-for-men-shave-foam-sensitive","name":"Men Shaving Foam for Sensitive Skin","brand":"Nivea","imageUrls":["https://shop.coles.com.au/wcsstore/Coles-CAS/images/1/7/4/1740647.jpg"],"storeId":"coles","packageSize":"200mL","cupPrice":"$2.03 per 100mL","locations":{"VIC":{"price":4.06,"discountRate":30,"promo":"","orgPrice":5.8}},"categoryIds":["c-health--beauty"],"similarProductIds":[]},{"id":"herbal-essences-argan-oil-of-marocco-bio-renew-conditioner","name":"Bio Renew Conditioner Morocco Argan Oil","brand":"Herbal Essences","imageUrls":["https://shop.coles.com.au/wcsstore/Coles-CAS/images/3/0/0/3004937.jpg"],"storeId":"coles","packageSize":"400mL","cupPrice":"$2.75 per 100mL","locations":{"VIC":{"price":11,"discountRate":27,"promo":"Any 2 $16","orgPrice":11}},"categoryIds":["c-health--beauty"],"similarProductIds":[]},{"id":"palmolive-naturals-shower-gel-anti-stress","name":"Anti-Stress Shower Gel","brand":"Palmolive","imageUrls":["https://shop.coles.com.au/wcsstore/Coles-CAS/images/9/7/8/9788578.jpg"],"storeId":"coles","packageSize":"500mL","cupPrice":"$0.60 per 100mL","locations":{"VIC":{"price":3,"discountRate":44,"promo":"","orgPrice":5.4}},"categoryIds":["c-health--beauty"],"similarProductIds":[]},{"id":"carefree-barely-there-liners","name":"Barely There Liners","brand":"Carefree","imageUrls":["https://shop.coles.com.au/wcsstore/Coles-CAS/images/9/6/2/9621889.jpg"],"storeId":"coles","packageSize":"42 pack","cupPrice":"$0.09 per 1Ea","locations":{"VIC":{"price":3.6,"discountRate":20,"promo":"","orgPrice":4.5}},"categoryIds":["c-health--beauty"],"similarProductIds":[]},{"id":"veet-hair-removal-wax-warm","name":"Warm Wax Hair Remover","brand":"Veet","imageUrls":["https://shop.coles.com.au/wcsstore/Coles-CAS/images/6/7/4/6741002.jpg"],"storeId":"coles","packageSize":"375g","cupPrice":"$3.73 per 100G","locations":{"VIC":{"price":14,"discountRate":29,"promo":"2 for $20","orgPrice":14}},"categoryIds":["c-health--beauty"],"similarProductIds":[]},{"id":"bic-hybrid-advance-disposable-razor","name":"Hybrid Comfort 3 Disposable Razor","brand":"Bic","imageUrls":["https://shop.coles.com.au/wcsstore/Coles-CAS/images/7/4/2/7429621.jpg"],"storeId":"coles","packageSize":"6 pack","cupPrice":"$5.95 per 1Ea","locations":{"VIC":{"price":5.95,"discountRate":30,"promo":"","orgPrice":8.5}},"categoryIds":["c-health--beauty"],"similarProductIds":[]},{"id":"bic-soleil-razor-twilight-lavender","name":"Soleil Twilight Lavender Razor","brand":"Bic","imageUrls":["https://shop.coles.com.au/wcsstore/Coles-CAS/images/6/3/1/6310565.jpg"],"storeId":"coles","packageSize":"4 pack","cupPrice":"$0.96 per 1Ea","locations":{"VIC":{"price":3.85,"discountRate":30,"promo":"","orgPrice":5.5}},"categoryIds":["c-health--beauty"],"similarProductIds":[]},{"id":"libra-pads-ultra-thins-regular-with-wings","name":"Ultra Thin with Wings Regular Pads","brand":"Libra","imageUrls":["https://shop.coles.com.au/wcsstore/Coles-CAS/images/6/8/1/6811527.jpg"],"storeId":"coles","packageSize":"14 pack","cupPrice":"$0.21 per 1Ea","locations":{"VIC":{"price":2.9,"discountRate":0,"promo":"","orgPrice":2.9}},"categoryIds":["c-health--beauty"],"similarProductIds":[]},{"id":"nivea-visage-facial-cleansing-wipes-dry-sensitive","name":"Gentle Moisturising Face Cleansing Wipes + Almond Oil for Dry Skin","brand":"Nivea","imageUrls":["https://shop.coles.com.au/wcsstore/Coles-CAS/images/9/3/5/9357747.jpg"],"storeId":"coles","packageSize":"25 pack","cupPrice":"$0.21 per 1Ea","locations":{"VIC":{"price":5.25,"discountRate":30,"promo":"","orgPrice":7.5}},"categoryIds":["c-health--beauty"],"similarProductIds":[]},{"id":"nivea-shower-indulgent-moisture-coconut","name":"Coconut Indulgent Moisture Shower Gel and Body Wash","brand":"Nivea","imageUrls":["https://shop.coles.com.au/wcsstore/Coles-CAS/images/3/2/2/3227206.jpg"],"storeId":"coles","packageSize":"1L","cupPrice":"$0.69 per 100mL","locations":{"VIC":{"price":6.85,"discountRate":50,"promo":"","orgPrice":13.7}},"categoryIds":["c-health--beauty"],"similarProductIds":[]},{"id":"colgate-toothpaste-sensitive-whitening","name":"Sensitive Whitening Toothpaste","brand":"Colgate","imageUrls":["https://shop.coles.com.au/wcsstore/Coles-CAS/images/5/3/9/5396485.jpg"],"storeId":"coles","packageSize":"110g","cupPrice":"$4.36 per 100G","locations":{"VIC":{"price":4.8,"discountRate":40,"promo":"","orgPrice":8}},"categoryIds":["c-health--beauty"],"similarProductIds":[]},{"id":"colgate-plax-fresh-mint-mouthwash","name":"Plax Fresh Mint Mouthwash","brand":"Colgate","imageUrls":["https://shop.coles.com.au/wcsstore/Coles-CAS/images/8/7/9/8795931.jpg"],"storeId":"coles","packageSize":"250mL","cupPrice":"$0.96 per 100mL","locations":{"VIC":{"price":2.4,"discountRate":40,"promo":"","orgPrice":4}},"categoryIds":["c-health--beauty"],"similarProductIds":[]},{"id":"libra-pads-goodnights-extra-long-with-wings","name":"Goodnights Extra Long with Wings Pads","brand":"Libra","imageUrls":["https://shop.coles.com.au/wcsstore/Coles-CAS/images/5/5/3/5531401.jpg"],"storeId":"coles","packageSize":"10 pack","cupPrice":"$0.29 per 1Ea","locations":{"VIC":{"price":2.9,"discountRate":0,"promo":"","orgPrice":2.9}},"categoryIds":["c-health--beauty"],"similarProductIds":[]},{"id":"redwin-sorbolene-moisturiser-with-vitamin-e","name":"Sorbolene Moisturiser with Vitamin E","brand":"Redwin","imageUrls":["https://shop.coles.com.au/wcsstore/Coles-CAS/images/5/4/9/5492398.jpg"],"storeId":"coles","packageSize":"1L","cupPrice":"$0.31 per 100mL","locations":{"VIC":{"price":3.12,"discountRate":50,"promo":"","orgPrice":6.25}},"categoryIds":["c-health--beauty"],"similarProductIds":[]},{"id":"colgate-optic-white-enamel-white-toothpaste","name":"Optic White Enamel White Whitening Toothpaste","brand":"Colgate","imageUrls":["https://shop.coles.com.au/wcsstore/Coles-CAS/images/1/7/0/1706172.jpg"],"storeId":"coles","packageSize":"95g","cupPrice":"$5.05 per 100G","locations":{"VIC":{"price":4.8,"discountRate":40,"promo":"","orgPrice":8}},"categoryIds":["c-health--beauty"],"similarProductIds":[]},{"id":"colgate-toothpaste-gel-sparkling-mint-5011671p","name":"Sparkle Mint Toothpaste","brand":"Colgate","imageUrls":["https://shop.coles.com.au/wcsstore/Coles-CAS/images/5/0/1/5011671.jpg"],"storeId":"coles","packageSize":"110g","cupPrice":"$1.36 per 100G","locations":{"VIC":{"price":1.5,"discountRate":40,"promo":"","orgPrice":2.5}},"categoryIds":["c-health--beauty"],"similarProductIds":[]},{"id":"garnier-micellar-cleansing-wipes","name":"Micellar Cleansing Wipes","brand":"Garnier","imageUrls":["https://shop.coles.com.au/wcsstore/Coles-CAS/images/2/4/2/2428600.jpg"],"storeId":"coles","packageSize":"25 pack","cupPrice":"$0.17 per 1Ea","locations":{"VIC":{"price":4.2,"discountRate":40,"promo":"","orgPrice":7}},"categoryIds":["c-health--beauty"],"similarProductIds":[]},{"id":"libra-goodnights-ultra-thin-extra-long-with-wings-pads","name":"Ultra Thin Pads Goodnights With Wings","brand":"Libra","imageUrls":["https://shop.coles.com.au/wcsstore/Coles-CAS/images/8/5/3/8536853.jpg"],"storeId":"coles","packageSize":"10 pack","cupPrice":"$0.29 per 1Ea","locations":{"VIC":{"price":2.9,"discountRate":0,"promo":"","orgPrice":2.9}},"categoryIds":["c-health--beauty"],"similarProductIds":[]},{"id":"libra-invisible-sport-regular-pads-with-wings","name":"Invisible Sport Regular Pads With Wings","brand":"Libra","imageUrls":["https://shop.coles.com.au/wcsstore/Coles-CAS/images/3/0/3/3036059.jpg"],"storeId":"coles","packageSize":"12 pack","cupPrice":"$0.24 per 1Ea","locations":{"VIC":{"price":2.9,"discountRate":37,"promo":"","orgPrice":4.6}},"categoryIds":["c-health--beauty"],"similarProductIds":[]},{"id":"listerine-total-care-mouthwash-6874120p","name":"Total Care Mouthwash","brand":"Listerine","imageUrls":["https://shop.coles.com.au/wcsstore/Coles-CAS/images/6/8/7/6874120.jpg"],"storeId":"coles","packageSize":"1L","cupPrice":"$1.00 per 100mL","locations":{"VIC":{"price":10,"discountRate":20,"promo":"","orgPrice":12.5}},"categoryIds":["c-health--beauty"],"similarProductIds":[]},{"id":"redwin-body-wash-extra-sensitive","name":"Extra Sensitive Body Wash","brand":"Redwin","imageUrls":["https://shop.coles.com.au/wcsstore/Coles-CAS/images/9/8/1/9811272.jpg"],"storeId":"coles","packageSize":"1L","cupPrice":"$0.60 per 100mL","locations":{"VIC":{"price":6,"discountRate":50,"promo":"","orgPrice":12}},"categoryIds":["c-health--beauty"],"similarProductIds":[]},{"id":"colgate-toothpaste-whitening-tartar-control","name":"Whitening & Tartar Control Toothpaste","brand":"Colgate","imageUrls":["https://shop.coles.com.au/wcsstore/Coles-CAS/images/8/6/1/8617230.jpg"],"storeId":"coles","packageSize":"190g","cupPrice":"$2.21 per 100G","locations":{"VIC":{"price":4.2,"discountRate":40,"promo":"","orgPrice":7}},"categoryIds":["c-health--beauty"],"similarProductIds":[]},{"id":"colgate-360-degree-toothbrush-adult-medium-4155745p","name":"360 Degree Medium Toothbrush","brand":"Colgate","imageUrls":["https://shop.coles.com.au/wcsstore/Coles-CAS/images/4/1/5/4155745.jpg"],"storeId":"coles","packageSize":"1 pack","cupPrice":"$3.00 per 1Ea","locations":{"VIC":{"price":3,"discountRate":40,"promo":"","orgPrice":5}},"categoryIds":["c-health--beauty"],"similarProductIds":[]},{"id":"colgate-smiles-toothbrush-junior-soft","name":"Smiles Junior Soft Toothbrush","brand":"Colgate","imageUrls":["https://shop.coles.com.au/wcsstore/Coles-CAS/images/4/4/9/4498912.jpg"],"storeId":"coles","packageSize":"","cupPrice":"$2.10 per 1Ea","locations":{"VIC":{"price":2.1,"discountRate":40,"promo":"","orgPrice":3.5}},"categoryIds":["c-health--beauty"],"similarProductIds":[]},{"id":"libra-pads-regular-with-wings","name":"Regular with Wings Pads","brand":"Libra","imageUrls":["https://shop.coles.com.au/wcsstore/Coles-CAS/images/6/8/1/6811491.jpg"],"storeId":"coles","packageSize":"14 pack","cupPrice":"$0.21 per 1Ea","locations":{"VIC":{"price":2.9,"discountRate":0,"promo":"","orgPrice":2.9}},"categoryIds":["c-health--beauty"],"similarProductIds":[]},{"id":"libra-pads-ultra-thins-super-with-wings","name":"Ultra Thins Super with Wings Pads","brand":"Libra","imageUrls":["https://shop.coles.com.au/wcsstore/Coles-CAS/images/6/8/1/6811505.jpg"],"storeId":"coles","packageSize":"12 pack","cupPrice":"$0.24 per 1Ea","locations":{"VIC":{"price":2.9,"discountRate":0,"promo":"","orgPrice":2.9}},"categoryIds":["c-health--beauty"],"similarProductIds":[]},{"id":"colgate-total-advanced-clean-toothpaste","name":"Total Advanced Clean Toothpaste","brand":"Colgate","imageUrls":["https://shop.coles.com.au/wcsstore/Coles-CAS/images/3/4/0/3400887.jpg"],"storeId":"coles","packageSize":"200g","cupPrice":"$2.40 per 100G","locations":{"VIC":{"price":4.8,"discountRate":40,"promo":"","orgPrice":8}},"categoryIds":["c-health--beauty"],"similarProductIds":[]},{"id":"colgate-plax-mouthwash-bambo-charcoal-mint","name":"Plax Mouthwash Bamboo Charcoal Mint","brand":"Colgate","imageUrls":["https://shop.coles.com.au/wcsstore/Coles-CAS/images/3/6/9/3694154.jpg"],"storeId":"coles","packageSize":"250mL","cupPrice":"$0.96 per 100mL","locations":{"VIC":{"price":2.4,"discountRate":40,"promo":"","orgPrice":4}},"categoryIds":["c-health--beauty"],"similarProductIds":[]},{"id":"garnier-hydrabomb-eye-mask-orange","name":"Orange Juice & Hyaluronic Acid Hydra Bomb Eye Tissue Mask","brand":"Garnier","imageUrls":["https://shop.coles.com.au/wcsstore/Coles-CAS/images/3/2/3/3239544.jpg"],"storeId":"coles","packageSize":"6g","cupPrice":"$40.01 per 100G","locations":{"VIC":{"price":2.4,"discountRate":40,"promo":"","orgPrice":4}},"categoryIds":["c-health--beauty"],"similarProductIds":[]},{"id":"hydralyte-effervescent-tablets-orange","name":"Tablets Orange","brand":"Hydralyte","imageUrls":["https://shop.coles.com.au/wcsstore/Coles-CAS/images/2/8/6/2864838.jpg"],"storeId":"coles","packageSize":"10 pack","cupPrice":"$0.65 per 1Ea","locations":{"VIC":{"price":6.5,"discountRate":19,"promo":"","orgPrice":8}},"categoryIds":["c-health--beauty"],"similarProductIds":[]},{"id":"isocol-antiseptic-rubbing-alcohol","name":"Antiseptic Rubbing Alcohol","brand":"Isocol","imageUrls":["https://shop.coles.com.au/wcsstore/Coles-CAS/images/3/3/9/339702.jpg"],"storeId":"coles","packageSize":"345mL","cupPrice":"$2.43 per 100mL","locations":{"VIC":{"price":8.4,"discountRate":20,"promo":"","orgPrice":10.5}},"categoryIds":["c-health--beauty"],"similarProductIds":[]},{"id":"nivea-anti-perspirant-double-effect-white-senses-aerosol-deodorant","name":"Double Effect Aerosol Antiperspirant Deodorant","brand":"Nivea","imageUrls":["https://shop.coles.com.au/wcsstore/Coles-CAS/images/1/9/9/1996414.jpg"],"storeId":"coles","packageSize":"250mL","cupPrice":"$1.82 per 100mL","locations":{"VIC":{"price":4.55,"discountRate":30,"promo":"","orgPrice":6.5}},"categoryIds":["c-health--beauty"],"similarProductIds":[]},{"id":"australian-botanical-soap-manuka-honey-with-jojoba-oil","name":"Manuka Honey With Jojoba Oil","brand":"Australian Botanical Soap","imageUrls":["https://shop.coles.com.au/wcsstore/Coles-CAS/images/3/2/4/3244475.jpg"],"storeId":"coles","packageSize":"200g","cupPrice":"$1.60 per 100G","locations":{"VIC":{"price":3.2,"discountRate":20,"promo":"","orgPrice":4}},"categoryIds":["c-health--beauty"],"similarProductIds":[]},{"id":"colgate-toothpaste-sensitive-multi-protection","name":"Sensitive Multiprotection Toothpaste","brand":"Colgate","imageUrls":["https://shop.coles.com.au/wcsstore/Coles-CAS/images/5/3/9/5390194.jpg"],"storeId":"coles","packageSize":"110g","cupPrice":"$4.36 per 100G","locations":{"VIC":{"price":4.8,"discountRate":40,"promo":"","orgPrice":8}},"categoryIds":["c-health--beauty"],"similarProductIds":[]},{"id":"colgate-360-degree-toothbrush-adult-soft-4155756p","name":"360 Degree Soft Toothbrush","brand":"Colgate","imageUrls":["https://shop.coles.com.au/wcsstore/Coles-CAS/images/4/1/5/4155756.jpg"],"storeId":"coles","packageSize":"1 pack","cupPrice":"$3.00 per 1Ea","locations":{"VIC":{"price":3,"discountRate":40,"promo":"","orgPrice":5}},"categoryIds":["c-health--beauty"],"similarProductIds":[]},{"id":"colgate-toothpaste-gel-sparkling-mint","name":"Gel Sparkle Mint Toothpaste","brand":"Colgate","imageUrls":["https://shop.coles.com.au/wcsstore/Coles-CAS/images/5/0/1/5014920.jpg"],"storeId":"coles","packageSize":"80g","cupPrice":"$1.58 per 100G","locations":{"VIC":{"price":1.26,"discountRate":40,"promo":"","orgPrice":2.1}},"categoryIds":["c-health--beauty"],"similarProductIds":[]},{"id":"colgate-toothpaste-great-regular-flavour-pump-pack","name":"Regular Pump Toothpaste","brand":"Colgate","imageUrls":["https://shop.coles.com.au/wcsstore/Coles-CAS/images/2/3/8/238749.jpg"],"storeId":"coles","packageSize":"130g","cupPrice":"$2.54 per 100G","locations":{"VIC":{"price":3.3,"discountRate":0,"promo":"","orgPrice":3.3}},"categoryIds":["c-health--beauty"],"similarProductIds":[]},{"id":"colgate-optic-white-express-white-toothpaste","name":"Optic White Express White Whitening Toothpaste","brand":"Colgate","imageUrls":["https://shop.coles.com.au/wcsstore/Coles-CAS/images/2/2/2/2222794.jpg"],"storeId":"coles","packageSize":"125g","cupPrice":"$5.76 per 100G","locations":{"VIC":{"price":7.2,"discountRate":40,"promo":"","orgPrice":12}},"categoryIds":["c-health--beauty"],"similarProductIds":[]},{"id":"libra-pads-maternity-extra-long-with-wings","name":"Maternity Extra Long with Wings Pads","brand":"Libra","imageUrls":["https://shop.coles.com.au/wcsstore/Coles-CAS/images/6/6/8/6685987.jpg"],"storeId":"coles","packageSize":"10 pack","cupPrice":"$0.29 per 1Ea","locations":{"VIC":{"price":2.9,"discountRate":0,"promo":"","orgPrice":2.9}},"categoryIds":["c-health--beauty"],"similarProductIds":[]},{"id":"nivea-visage-daily-essentials-cream-cleansing-wash","name":"Gentle Cream Face Wash Cleanser + Almond Oil","brand":"Nivea","imageUrls":["https://shop.coles.com.au/wcsstore/Coles-CAS/images/9/8/7/9874283.jpg"],"storeId":"coles","packageSize":"150mL","cupPrice":"$4.80 per 100mL","locations":{"VIC":{"price":7.2,"discountRate":30,"promo":"","orgPrice":10.3}},"categoryIds":["c-health--beauty"],"similarProductIds":[]},{"id":"nivea-shower-indulgent-moisture-soft","name":"Rich Moisture Soft Shower Gel & Body Wash","brand":"Nivea","imageUrls":["https://shop.coles.com.au/wcsstore/Coles-CAS/images/3/2/2/3227217.jpg"],"storeId":"coles","packageSize":"1L","cupPrice":"$0.69 per 100mL","locations":{"VIC":{"price":6.85,"discountRate":50,"promo":"","orgPrice":13.7}},"categoryIds":["c-health--beauty"],"similarProductIds":[]},{"id":"original-source-shower-gel-milk-raspberry","name":"Vanilla & Raspberry Shower Gel","brand":"Original Source","imageUrls":["https://shop.coles.com.au/wcsstore/Coles-CAS/images/1/3/0/1303289.jpg"],"storeId":"coles","packageSize":"250mL","cupPrice":"$0.80 per 100mL","locations":{"VIC":{"price":2,"discountRate":50,"promo":"","orgPrice":4}},"categoryIds":["c-health--beauty"],"similarProductIds":[]},{"id":"palmolive-soap-naturals-aloe-olive","name":"Naturals Aloe & Olive Soap","brand":"Palmolive","imageUrls":["https://shop.coles.com.au/wcsstore/Coles-CAS/images/5/9/2/5928777.jpg"],"storeId":"coles","packageSize":"4 pack","cupPrice":"$0.79 per 100G","locations":{"VIC":{"price":2.85,"discountRate":12,"promo":"Any 2 $5","orgPrice":2.85}},"categoryIds":["c-health--beauty"],"similarProductIds":[]},{"id":"palmolive-kids-2-in-1-shampoo-conditioner-happy-apple","name":"Kids 3 In 1 Happy Apple Shampoo Conditioner & Body Wash","brand":"Palmolive","imageUrls":["https://shop.coles.com.au/wcsstore/Coles-CAS/images/8/9/6/8966998.jpg"],"storeId":"coles","packageSize":"350mL","cupPrice":"$0.77 per 100mL","locations":{"VIC":{"price":2.7,"discountRate":0,"promo":"","orgPrice":2.7}},"categoryIds":["c-health--beauty","c-baby"],"similarProductIds":[]},{"id":"australian-botanical-soap-coconut-w-lime-oil","name":"Coconut With Lime Oil","brand":"Australian Botanical Soap","imageUrls":["https://shop.coles.com.au/wcsstore/Coles-CAS/images/3/5/1/3516826.jpg"],"storeId":"coles","packageSize":"200g","cupPrice":"$1.60 per 100G","locations":{"VIC":{"price":3.2,"discountRate":20,"promo":"","orgPrice":4}},"categoryIds":["c-health--beauty"],"similarProductIds":[]},{"id":"bosistos-eucalyptus-solution","name":"Eucalyptus Solution","brand":"Bosisto's","imageUrls":["https://shop.coles.com.au/wcsstore/Coles-CAS/images/1/2/1/1216162.jpg"],"storeId":"coles","packageSize":"500mL","cupPrice":"$2.16 per 100mL","locations":{"VIC":{"price":10.8,"discountRate":20,"promo":"","orgPrice":13.5}},"categoryIds":["c-health--beauty"],"similarProductIds":[]},{"id":"clearasil-clearing-scrub-blackhead","name":"Daily Blackhead Clearing Scrub","brand":"Clearasil","imageUrls":["https://shop.coles.com.au/wcsstore/Coles-CAS/images/4/1/7/4172223.jpg"],"storeId":"coles","packageSize":"150mL","cupPrice":"$5.71 per 100mL","locations":{"VIC":{"price":8.56,"discountRate":20,"promo":"","orgPrice":10.700000000000001}},"categoryIds":["c-health--beauty"],"similarProductIds":[]},{"id":"colgate-toothbrush-adult-soft-zig-zag-flex","name":"Zig Zag Flex Soft Toothbrush","brand":"Colgate","imageUrls":["https://shop.coles.com.au/wcsstore/Coles-CAS/images/8/1/0/8109433.jpg"],"storeId":"coles","packageSize":"3 pack","cupPrice":"$1.56 per 1Ea","locations":{"VIC":{"price":4.68,"discountRate":40,"promo":"","orgPrice":7.8}},"categoryIds":["c-health--beauty"],"similarProductIds":[]},{"id":"colgate-toothbrush-adult-medium-zig-zag-flex","name":"Zig Zag Flex Medium Toothbrush","brand":"Colgate","imageUrls":["https://shop.coles.com.au/wcsstore/Coles-CAS/images/8/1/0/8109411.jpg"],"storeId":"coles","packageSize":"3 pack","cupPrice":"$1.56 per 1Ea","locations":{"VIC":{"price":4.68,"discountRate":40,"promo":"","orgPrice":7.8}},"categoryIds":["c-health--beauty"],"similarProductIds":[]},{"id":"colgate-smiles-toothbrush-childs-my-first","name":"My First Child Toothbrush","brand":"Colgate","imageUrls":["https://shop.coles.com.au/wcsstore/Coles-CAS/images/5/8/2/5826664.jpg"],"storeId":"coles","packageSize":"1 pack","cupPrice":"$2.10 per 1Ea","locations":{"VIC":{"price":2.1,"discountRate":40,"promo":"","orgPrice":3.5}},"categoryIds":["c-health--beauty"],"similarProductIds":[]},{"id":"colgate-sensitive-pro-relief-repair-prevent-toothpaste","name":"Sensitive Pro Relief Repair & Prevent Toothpaste","brand":"Colgate","imageUrls":["https://shop.coles.com.au/wcsstore/Coles-CAS/images/2/8/7/2871163.jpg"],"storeId":"coles","packageSize":"110g","cupPrice":"$5.45 per 100G","locations":{"VIC":{"price":6,"discountRate":40,"promo":"","orgPrice":10}},"categoryIds":["c-health--beauty"],"similarProductIds":[]},{"id":"colgate-slim-soft-advance-gold-manual-toothbrush","name":"Slim Soft Advance Gold Manual Toothbrush","brand":"Colgate","imageUrls":["https://shop.coles.com.au/wcsstore/Coles-CAS/images/3/1/3/3132052.jpg"],"storeId":"coles","packageSize":"1 pack","cupPrice":"$3.60 per 1Ea","locations":{"VIC":{"price":3.6,"discountRate":40,"promo":"","orgPrice":6}},"categoryIds":["c-health--beauty"],"similarProductIds":[]},{"id":"colgate-total-charcoal-deep-clean-toothpaste-3400990p","name":"Total Charcoal Deep Clean Multi Benefit Toothpaste","brand":"Colgate","imageUrls":["https://shop.coles.com.au/wcsstore/Coles-CAS/images/3/4/0/3400990.jpg"],"storeId":"coles","packageSize":"115g","cupPrice":"$2.87 per 100G","locations":{"VIC":{"price":3.3,"discountRate":40,"promo":"","orgPrice":5.5}},"categoryIds":["c-health--beauty"],"similarProductIds":[]},{"id":"colgate-sensitive-advanced-clean","name":"Sensitive Advanced Clean","brand":"Colgate","imageUrls":["https://shop.coles.com.au/wcsstore/Coles-CAS/images/3/6/9/3693990.jpg"],"storeId":"coles","packageSize":"110g","cupPrice":"$4.36 per 100G","locations":{"VIC":{"price":4.8,"discountRate":40,"promo":"","orgPrice":8}},"categoryIds":["c-health--beauty"],"similarProductIds":[]},{"id":"garnier-pure-3-in-1-wash--scrub-mask","name":"Pure Active 3 in 1 Wash Scrub & Mask","brand":"Garnier","imageUrls":["https://shop.coles.com.au/wcsstore/Coles-CAS/images/6/5/5/6556306.jpg"],"storeId":"coles","packageSize":"150mL","cupPrice":"$5.00 per 100mL","locations":{"VIC":{"price":7.5,"discountRate":40,"promo":"","orgPrice":12.5}},"categoryIds":["c-health--beauty"],"similarProductIds":[]},{"id":"garnier-micellar-solution","name":"Micellar Cleansing Water","brand":"Garnier","imageUrls":["https://shop.coles.com.au/wcsstore/Coles-CAS/images/1/6/8/1683893.jpg"],"storeId":"coles","packageSize":"400mL","cupPrice":"$2.03 per 100mL","locations":{"VIC":{"price":8.1,"discountRate":40,"promo":"","orgPrice":13.5}},"categoryIds":["c-health--beauty"],"similarProductIds":[]},{"id":"garnier-proactive-charcoal-scrub-gel","name":"Anti-Blackhead Charcoal Scrub Gel","brand":"Garnier","imageUrls":["https://shop.coles.com.au/wcsstore/Coles-CAS/images/1/6/8/1683984.jpg"],"storeId":"coles","packageSize":"150mL","cupPrice":"$5.00 per 100mL","locations":{"VIC":{"price":7.5,"discountRate":40,"promo":"","orgPrice":12.5}},"categoryIds":["c-health--beauty"],"similarProductIds":[]},{"id":"garnier-pure-charcoal-mask-black-algae","name":"Pure Charcoal Tissue Mask","brand":"Garnier","imageUrls":["https://shop.coles.com.au/wcsstore/Coles-CAS/images/3/5/5/3557845.jpg"],"storeId":"coles","packageSize":"28g","cupPrice":"$1.29 per 10G","locations":{"VIC":{"price":3.6,"discountRate":40,"promo":"","orgPrice":6}},"categoryIds":["c-health--beauty"],"similarProductIds":[]},{"id":"garnier-hydrabomb-tissue-mask-lavender","name":"Hydra Bomb Lavender Tissue Mask","brand":"Garnier","imageUrls":["https://shop.coles.com.au/wcsstore/Coles-CAS/images/3/5/5/3557823.jpg"],"storeId":"coles","packageSize":"32g","cupPrice":"$1.13 per 10G","locations":{"VIC":{"price":3.6,"discountRate":40,"promo":"","orgPrice":6}},"categoryIds":["c-health--beauty"],"similarProductIds":[]},{"id":"garnier-hydrabomb-tissue-mask-pomegranate","name":"Hydra Bomb Pomegranate Tissue Mask","brand":"Garnier","imageUrls":["https://shop.coles.com.au/wcsstore/Coles-CAS/images/3/5/5/3557834.jpg"],"storeId":"coles","packageSize":"32g","cupPrice":"$1.13 per 10G","locations":{"VIC":{"price":3.6,"discountRate":40,"promo":"","orgPrice":6}},"categoryIds":["c-health--beauty"],"similarProductIds":[]},{"id":"hydralyte--effervescent-apple-blackcurrant-electrolyte-tablets","name":"Apple Blackcurrant 10 Effervescent Electrolyte Tablets","brand":"Hydralyte","imageUrls":["https://shop.coles.com.au/wcsstore/Coles-CAS/images/2/8/6/2864882.jpg"],"storeId":"coles","packageSize":"1 pack","cupPrice":"$0.65 per 1Ea","locations":{"VIC":{"price":6.5,"discountRate":19,"promo":"","orgPrice":8}},"categoryIds":["c-health--beauty"],"similarProductIds":[]},{"id":"loreal-age-perfect-cream-nutrition-night","name":"Age Perfect Intense Nutrition Night Cream","brand":"L'Oreal","imageUrls":["https://shop.coles.com.au/wcsstore/Coles-CAS/images/8/5/7/8571898.jpg"],"storeId":"coles","packageSize":"50mL","cupPrice":"$42.00 per 100mL","locations":{"VIC":{"price":21,"discountRate":40,"promo":"","orgPrice":35}},"categoryIds":["c-health--beauty"],"similarProductIds":[]},{"id":"loreal-revitalift-eye-cream","name":"Revitalift Eye Plenitude Cream","brand":"L'Oreal","imageUrls":["https://shop.coles.com.au/wcsstore/Coles-CAS/images/6/8/4/6843590.jpg"],"storeId":"coles","packageSize":"15mL","cupPrice":"$131.34 per 100mL","locations":{"VIC":{"price":19.7,"discountRate":40,"promo":"","orgPrice":32.9}},"categoryIds":["c-health--beauty"],"similarProductIds":[]},{"id":"libra-hearts-pads-regular-compact-wings","name":"Girl Regular Pads With Wings","brand":"Libra","imageUrls":["https://shop.coles.com.au/wcsstore/Coles-CAS/images/8/1/4/8146305.jpg"],"storeId":"coles","packageSize":"12 pack","cupPrice":"$2.90 per 1Ea","locations":{"VIC":{"price":2.9,"discountRate":0,"promo":"","orgPrice":2.9}},"categoryIds":["c-health--beauty"],"similarProductIds":[]},{"id":"libra-tampons-regular-459533p","name":"Regular Tampons","brand":"Libra","imageUrls":["https://shop.coles.com.au/wcsstore/Coles-CAS/images/4/5/9/459533.jpg"],"storeId":"coles","packageSize":"16 pack","cupPrice":"$0.18 per 1Ea","locations":{"VIC":{"price":2.88,"discountRate":0,"promo":"","orgPrice":2.88}},"categoryIds":["c-health--beauty"],"similarProductIds":[]},{"id":"libra-ultra-thins-regular-pads","name":"Ultra Thins Regular Pads","brand":"Libra","imageUrls":["https://shop.coles.com.au/wcsstore/Coles-CAS/images/2/6/8/2686026.jpg"],"storeId":"coles","packageSize":"14 pack","cupPrice":"$0.21 per 1Ea","locations":{"VIC":{"price":2.9,"discountRate":0,"promo":"","orgPrice":2.9}},"categoryIds":["c-health--beauty"],"similarProductIds":[]},{"id":"mitchum-anti-perspirant-deodorant-roll-on-24-hour-active","name":"Women's Roll On Shower Fresh Antiperspirant Deodorant","brand":"Mitchum","imageUrls":["https://shop.coles.com.au/wcsstore/Coles-CAS/images/8/7/3/8730302.jpg"],"storeId":"coles","packageSize":"50mL","cupPrice":"$5.32 per 100mL","locations":{"VIC":{"price":2.66,"discountRate":30,"promo":"","orgPrice":3.8}},"categoryIds":["c-health--beauty"],"similarProductIds":[]},{"id":"nivea-lip-care-essential","name":"Original Care Moisturising Lip Balm + Shea Butter","brand":"Nivea","imageUrls":["https://shop.coles.com.au/wcsstore/Coles-CAS/images/9/4/7/9479890.jpg"],"storeId":"coles","packageSize":"4.8g","cupPrice":"$58.33 per 100G","locations":{"VIC":{"price":2.8,"discountRate":30,"promo":"","orgPrice":4}},"categoryIds":["c-health--beauty"],"similarProductIds":[]},{"id":"nivea--stress-protect-aerosol-deodorant-spray","name":"Stress Protect Aerosol Antiperspirant Deodorant","brand":"Nivea","imageUrls":["https://shop.coles.com.au/wcsstore/Coles-CAS/images/1/9/9/1996436.jpg"],"storeId":"coles","packageSize":"250mL","cupPrice":"$1.82 per 100mL","locations":{"VIC":{"price":4.55,"discountRate":30,"promo":"","orgPrice":6.5}},"categoryIds":["c-health--beauty"],"similarProductIds":[]},{"id":"nivea-men-deo-black-white-fresh-aerosol","name":"Men Invisible Black & White Fresh Aerosol Antiperspirant Deodorant","brand":"Nivea","imageUrls":["https://shop.coles.com.au/wcsstore/Coles-CAS/images/3/0/4/3048896.jpg"],"storeId":"coles","packageSize":"250mL","cupPrice":"$1.82 per 100mL","locations":{"VIC":{"price":4.55,"discountRate":30,"promo":"","orgPrice":6.5}},"categoryIds":["c-health--beauty"],"similarProductIds":[]},{"id":"nivea-shower-creme-oils-cherry-blossom","name":"Crème & Oil Pearls Cherry Blossom Shower Gel & Body Wash","brand":"Nivea","imageUrls":["https://shop.coles.com.au/wcsstore/Coles-CAS/images/3/2/2/3222520.jpg"],"storeId":"coles","packageSize":"250mL","cupPrice":"$1.57 per 100mL","locations":{"VIC":{"price":3.92,"discountRate":30,"promo":"","orgPrice":5.6}},"categoryIds":["c-health--beauty"],"similarProductIds":[]},{"id":"nivea-men-antiperspirant-deep","name":"Men Deep Aerosol Antiperspirant Deodorant","brand":"Nivea","imageUrls":["https://shop.coles.com.au/wcsstore/Coles-CAS/images/3/2/3/3234347.jpg"],"storeId":"coles","packageSize":"250mL","cupPrice":"$1.82 per 100mL","locations":{"VIC":{"price":4.55,"discountRate":30,"promo":"","orgPrice":6.5}},"categoryIds":["c-health--beauty"],"similarProductIds":[]},{"id":"nivea-antiperspirant-everyday-active","name":"Everyday Active Dry Antiperspirant Aerosol Deodorant","brand":"Nivea","imageUrls":["https://shop.coles.com.au/wcsstore/Coles-CAS/images/3/3/6/3360578.jpg"],"storeId":"coles","packageSize":"250mL","cupPrice":"$1.82 per 100mL","locations":{"VIC":{"price":4.55,"discountRate":30,"promo":"","orgPrice":6.5}},"categoryIds":["c-health--beauty"],"similarProductIds":[]},{"id":"organic-care--normal-balance-shampoo","name":"Normal Balance Shampoo","brand":"Organic Care","imageUrls":["https://shop.coles.com.au/wcsstore/Coles-CAS/images/2/6/7/2679100.jpg"],"storeId":"coles","packageSize":"725mL","cupPrice":"$0.55 per 100mL","locations":{"VIC":{"price":4,"discountRate":33,"promo":"","orgPrice":6}},"categoryIds":["c-health--beauty"],"similarProductIds":[]},{"id":"palmolive-soap-naturals-milk-honey","name":"Naturals Replenishing Milk & Honey Soap","brand":"Palmolive","imageUrls":["https://shop.coles.com.au/wcsstore/Coles-CAS/images/5/9/2/5928744.jpg"],"storeId":"coles","packageSize":"4 pack","cupPrice":"$0.79 per 100G","locations":{"VIC":{"price":2.85,"discountRate":12,"promo":"Any 2 $5","orgPrice":2.85}},"categoryIds":["c-health--beauty"],"similarProductIds":[]},{"id":"redwin-sorbolene-with-vitamin-e","name":"Sorbolene With Vitamin E Moisturiser","brand":"Redwin","imageUrls":["https://shop.coles.com.au/wcsstore/Coles-CAS/images/5/4/9/5492682.jpg"],"storeId":"coles","packageSize":"100g","cupPrice":"$2.35 per 100G","locations":{"VIC":{"price":2.35,"discountRate":25,"promo":"","orgPrice":3.1500000000000004}},"categoryIds":["c-health--beauty"],"similarProductIds":[]},{"id":"schick-xtreme-3-razor-disposable-for-women","name":"Xtreme 3 Disposable Razors for Women","brand":"Schick","imageUrls":["https://shop.coles.com.au/wcsstore/Coles-CAS/images/9/3/8/9387690.jpg"],"storeId":"coles","packageSize":"4 pack","cupPrice":"$1.00 per 1Ea","locations":{"VIC":{"price":4,"discountRate":20,"promo":"","orgPrice":5}},"categoryIds":["c-health--beauty"],"similarProductIds":[]},{"id":"tena-extra-plus-with-insta-dry-pads","name":"Extra Plus With Insta Dry Pads","brand":"Tena","imageUrls":["https://shop.coles.com.au/wcsstore/Coles-CAS/images/1/7/2/1723116.jpg"],"storeId":"coles","packageSize":"8 pack","cupPrice":"$0.46 per 1Ea","locations":{"VIC":{"price":3.67,"discountRate":0,"promo":"","orgPrice":3.67}},"categoryIds":["c-health--beauty"],"similarProductIds":[]},{"id":"the-goat-skincare-soap-bar-original","name":"Original Soap Bar","brand":"The Goat Skincare","imageUrls":["https://shop.coles.com.au/wcsstore/Coles-CAS/images/3/2/3/3231462.jpg"],"storeId":"coles","packageSize":"100g","cupPrice":"$3.00 per 100G","locations":{"VIC":{"price":3,"discountRate":33,"promo":"2 for $4","orgPrice":3}},"categoryIds":["c-health--beauty"],"similarProductIds":[]},{"id":"toni-guy-mask-purple","name":"Purple Toning Mask","brand":"Toni & Guy","imageUrls":["https://shop.coles.com.au/wcsstore/Coles-CAS/images/3/4/1/3417325.jpg"],"storeId":"coles","packageSize":"285mL","cupPrice":"$5.61 per 100mL","locations":{"VIC":{"price":16,"discountRate":22,"promo":"Any 2 $25","orgPrice":16}},"categoryIds":["c-health--beauty"],"similarProductIds":[]},{"id":"velvet-pure-soap","name":"Pure Soap","brand":"Velvet","imageUrls":["https://shop.coles.com.au/wcsstore/Coles-CAS/images/1/8/7/1878145.jpg"],"storeId":"coles","packageSize":"4 pack","cupPrice":"$0.80 per 1Ea","locations":{"VIC":{"price":3.2,"discountRate":20,"promo":"","orgPrice":4}},"categoryIds":["c-health--beauty"],"similarProductIds":[]},{"id":"white-glo-toothpaste-professional","name":"Professional Toothpaste","brand":"White Glo","imageUrls":["https://shop.coles.com.au/wcsstore/Coles-CAS/images/6/8/3/6837214.jpg"],"storeId":"coles","packageSize":"150g","cupPrice":"$3.15 per 100G","locations":{"VIC":{"price":4.72,"discountRate":10,"promo":"","orgPrice":5.25}},"categoryIds":["c-health--beauty"],"similarProductIds":[]},{"id":"advil-rapid-release-tablet","name":"Rapid Release Tablets","brand":"Advil","imageUrls":["https://shop.coles.com.au/wcsstore/Coles-CAS/images/3/1/6/3169664.jpg"],"storeId":"coles","packageSize":"24 pack","cupPrice":"$0.19 per 1Ea","locations":{"VIC":{"price":4.5,"discountRate":25,"promo":"","orgPrice":6}},"categoryIds":["c-health--beauty"],"similarProductIds":[]},{"id":"australian-botanical-soap-frangipani","name":"Frangipani & Evening Primrose Oil","brand":"Australian Botanical Soap","imageUrls":["https://shop.coles.com.au/wcsstore/Coles-CAS/images/3/2/4/3247043.jpg"],"storeId":"coles","packageSize":"200g","cupPrice":"$1.60 per 100G","locations":{"VIC":{"price":3.2,"discountRate":20,"promo":"","orgPrice":4}},"categoryIds":["c-health--beauty"],"similarProductIds":[]},{"id":"australian-botanical-soap-charcoal","name":"Activated Charcoal","brand":"Australian Botanical Soap","imageUrls":["https://shop.coles.com.au/wcsstore/Coles-CAS/images/3/5/1/3516804.jpg"],"storeId":"coles","packageSize":"200g","cupPrice":"$1.60 per 100G","locations":{"VIC":{"price":3.2,"discountRate":20,"promo":"","orgPrice":4}},"categoryIds":["c-health--beauty"],"similarProductIds":[]},{"id":"bosistos-spray-eucalyptus","name":"Eucalyptus Spray","brand":"Bosisto's","imageUrls":["https://shop.coles.com.au/wcsstore/Coles-CAS/images/5/0/2/5025053.jpg"],"storeId":"coles","packageSize":"200g","cupPrice":"$3.50 per 100G","locations":{"VIC":{"price":7,"discountRate":30,"promo":"","orgPrice":10}},"categoryIds":["c-health--beauty"],"similarProductIds":[]},{"id":"bosistos-eucalyptus-oil-3280140p","name":"Eucalyptus Oil","brand":"Bosisto's","imageUrls":["https://shop.coles.com.au/wcsstore/Coles-CAS/images/3/2/8/3280140.jpg"],"storeId":"coles","packageSize":"175mL","cupPrice":"$7.77 per 100mL","locations":{"VIC":{"price":13.6,"discountRate":20,"promo":"","orgPrice":17}},"categoryIds":["c-health--beauty"],"similarProductIds":[]},{"id":"carefree-flexia-tampons-regular","name":"Regular Flexia Tampons","brand":"Carefree","imageUrls":["https://shop.coles.com.au/wcsstore/Coles-CAS/images/6/5/6/6567131.jpg"],"storeId":"coles","packageSize":"16 pack","cupPrice":"$0.23 per 1Ea","locations":{"VIC":{"price":3.68,"discountRate":20,"promo":"","orgPrice":4.6000000000000005}},"categoryIds":["c-health--beauty"],"similarProductIds":[]},{"id":"carefree-designs-tampons-slim-mini-silk-ease","name":"ProComfort Mini Tampons","brand":"Carefree","imageUrls":["https://shop.coles.com.au/wcsstore/Coles-CAS/images/9/7/0/9704160.jpg"],"storeId":"coles","packageSize":"16 pack","cupPrice":"$0.21 per 1Ea","locations":{"VIC":{"price":3.4,"discountRate":20,"promo":"","orgPrice":4.25}},"categoryIds":["c-health--beauty"],"similarProductIds":[]},{"id":"clearasil-scrub-ultra-pimples-marks","name":"Ultra 5 In 1 Wash","brand":"Clearasil","imageUrls":["https://shop.coles.com.au/wcsstore/Coles-CAS/images/1/1/6/1160931.jpg"],"storeId":"coles","packageSize":"150mL","cupPrice":"$7.73 per 100mL","locations":{"VIC":{"price":11.6,"discountRate":20,"promo":"","orgPrice":14.5}},"categoryIds":["c-health--beauty"],"similarProductIds":[]},{"id":"colgate-toothpaste-max-fresh-cool-mint","name":"Max Fresh Cool Mint Toothpaste","brand":"Colgate","imageUrls":["https://shop.coles.com.au/wcsstore/Coles-CAS/images/8/6/1/8617194.jpg"],"storeId":"coles","packageSize":"190g","cupPrice":"$2.21 per 100G","locations":{"VIC":{"price":4.2,"discountRate":40,"promo":"","orgPrice":7}},"categoryIds":["c-health--beauty"],"similarProductIds":[]},{"id":"colgate-plax-mouthwash-gentle-care","name":"Plax Premium Gentle Mint Mouthwash","brand":"Colgate","imageUrls":["https://shop.coles.com.au/wcsstore/Coles-CAS/images/6/3/6/6361147.jpg"],"storeId":"coles","packageSize":"500mL","cupPrice":"$0.84 per 100mL","locations":{"VIC":{"price":4.2,"discountRate":40,"promo":"","orgPrice":7}},"categoryIds":["c-health--beauty"],"similarProductIds":[]},{"id":"colgate-360-degree-toothbrush-adult-medium","name":"360 Degree Value Pack Medium Toothbrush","brand":"Colgate","imageUrls":["https://shop.coles.com.au/wcsstore/Coles-CAS/images/5/3/9/5398582.jpg"],"storeId":"coles","packageSize":"2 pack","cupPrice":"$2.40 per 1Ea","locations":{"VIC":{"price":4.8,"discountRate":40,"promo":"","orgPrice":8}},"categoryIds":["c-health--beauty"],"similarProductIds":[]},{"id":"colgate-advanced-toothpaste-whitening","name":"Whitening Toothpaste","brand":"Colgate","imageUrls":["https://shop.coles.com.au/wcsstore/Coles-CAS/images/5/0/1/5012550.jpg"],"storeId":"coles","packageSize":"110g","cupPrice":"$2.62 per 100G","locations":{"VIC":{"price":2.88,"discountRate":40,"promo":"","orgPrice":4.8}},"categoryIds":["c-health--beauty"],"similarProductIds":[]},{"id":"colgate-max-fresh-toothpaste-cool-mint","name":"Max Fresh Cool Mint Toothpaste","brand":"Colgate","imageUrls":["https://shop.coles.com.au/wcsstore/Coles-CAS/images/5/0/1/5010737.jpg"],"storeId":"coles","packageSize":"110g","cupPrice":"$2.62 per 100G","locations":{"VIC":{"price":2.88,"discountRate":40,"promo":"","orgPrice":4.8}},"categoryIds":["c-health--beauty"],"similarProductIds":[]},{"id":"colgate-advanced-toothpaste-whitening-tartar-control-toothpaste","name":"Whitening & Tartar Control Toothpaste","brand":"Colgate","imageUrls":["https://shop.coles.com.au/wcsstore/Coles-CAS/images/5/0/1/5012539.jpg"],"storeId":"coles","packageSize":"120g","cupPrice":"$2.40 per 100G","locations":{"VIC":{"price":2.88,"discountRate":40,"promo":"","orgPrice":4.8}},"categoryIds":["c-health--beauty"],"similarProductIds":[]},{"id":"plax-peppermint-dental-rinse","name":"Plax Peppermint Dental Mouthwash","brand":"Colgate","imageUrls":["https://shop.coles.com.au/wcsstore/Coles-CAS/images/7/1/9/7190174.jpg"],"storeId":"coles","packageSize":"500mL","cupPrice":"$0.72 per 100mL","locations":{"VIC":{"price":3.6,"discountRate":40,"promo":"","orgPrice":6}},"categoryIds":["c-health--beauty"],"similarProductIds":[]},{"id":"colgate--360-advanced-soft-manual-toothbrush","name":"360 Advanced Soft Manual Toothbrush","brand":"Colgate","imageUrls":["https://shop.coles.com.au/wcsstore/Coles-CAS/images/2/8/7/2871200.jpg"],"storeId":"coles","packageSize":"1 pack","cupPrice":"$3.60 per 1Ea","locations":{"VIC":{"price":3.6,"discountRate":40,"promo":"","orgPrice":6}},"categoryIds":["c-health--beauty"],"similarProductIds":[]},{"id":"colgate-360-sensitive-manual-toothbrush","name":"360 Sensitive Manual Toothbrush","brand":"Colgate","imageUrls":["https://shop.coles.com.au/wcsstore/Coles-CAS/images/2/8/7/2873170.jpg"],"storeId":"coles","packageSize":"2 pack","cupPrice":"$2.40 per 1Ea","locations":{"VIC":{"price":4.8,"discountRate":40,"promo":"","orgPrice":8}},"categoryIds":["c-health--beauty"],"similarProductIds":[]},{"id":"colgate-total-advanced-whitening-toothpaste","name":"Multi Benefit Advanced Whitening Toothpaste","brand":"Colgate","imageUrls":["https://shop.coles.com.au/wcsstore/Coles-CAS/images/3/4/0/3400956.jpg"],"storeId":"coles","packageSize":"200g","cupPrice":"$2.40 per 100G","locations":{"VIC":{"price":4.8,"discountRate":40,"promo":"","orgPrice":8}},"categoryIds":["c-health--beauty"],"similarProductIds":[]},{"id":"colgate-total-advanced-clean-toothpaste-3400854p","name":"Total Advanced Clean Toothpaste","brand":"Colgate","imageUrls":["https://shop.coles.com.au/wcsstore/Coles-CAS/images/3/4/0/3400854.jpg"],"storeId":"coles","packageSize":"115g","cupPrice":"$2.87 per 100G","locations":{"VIC":{"price":3.3,"discountRate":40,"promo":"","orgPrice":5.5}},"categoryIds":["c-health--beauty"],"similarProductIds":[]},{"id":"colgate-toothpaste-adv-whitening-charcoal","name":"Advanced Whitening Charcoal Toothpaste","brand":"Colgate","imageUrls":["https://shop.coles.com.au/wcsstore/Coles-CAS/images/3/4/0/3400592.jpg"],"storeId":"coles","packageSize":"170g","cupPrice":"$2.47 per 100G","locations":{"VIC":{"price":4.2,"discountRate":40,"promo":"","orgPrice":7}},"categoryIds":["c-health--beauty"],"similarProductIds":[]},{"id":"colgate-minions-extra-soft-toothbrush","name":"Minions Extra Soft Toothbrush","brand":"Colgate","imageUrls":["https://shop.coles.com.au/wcsstore/Coles-CAS/images/3/4/1/3412900.jpg"],"storeId":"coles","packageSize":"2 pack","cupPrice":"$2.10 per 1Ea","locations":{"VIC":{"price":4.2,"discountRate":40,"promo":"","orgPrice":7}},"categoryIds":["c-health--beauty"],"similarProductIds":[]},{"id":"colgate-total-advanced-fresh-toothpaste-3400898p","name":"Total Advanced Fresh Toothpaste","brand":"Colgate","imageUrls":["https://shop.coles.com.au/wcsstore/Coles-CAS/images/3/4/0/3400898.jpg"],"storeId":"coles","packageSize":"115g","cupPrice":"$2.87 per 100G","locations":{"VIC":{"price":3.3,"discountRate":40,"promo":"","orgPrice":5.5}},"categoryIds":["c-health--beauty"],"similarProductIds":[]},{"id":"colgate-optic-white-renewal-vibrant-clean","name":"Optic White Renewal Vibrant Clean","brand":"Colgate","imageUrls":["https://shop.coles.com.au/wcsstore/Coles-CAS/images/3/6/9/3693901.jpg"],"storeId":"coles","packageSize":"85g","cupPrice":"$10.59 per 100G","locations":{"VIC":{"price":9,"discountRate":40,"promo":"","orgPrice":15}},"categoryIds":["c-health--beauty"],"similarProductIds":[]},{"id":"colgate-optic-white-renewal-lasting-fresh","name":"Optic White Renewal Lasting Fresh","brand":"Colgate","imageUrls":["https://shop.coles.com.au/wcsstore/Coles-CAS/images/3/6/8/3680499.jpg"],"storeId":"coles","packageSize":"85g","cupPrice":"$10.59 per 100G","locations":{"VIC":{"price":9,"discountRate":40,"promo":"","orgPrice":15}},"categoryIds":["c-health--beauty"],"similarProductIds":[]},{"id":"country-life-soap-fresh-linen","name":"White Fresh Linen Soap","brand":"Country Life","imageUrls":["https://shop.coles.com.au/wcsstore/Coles-CAS/images/5/1/7/5175715.jpg"],"storeId":"coles","packageSize":"5 pack","cupPrice":"$0.46 per 100G","locations":{"VIC":{"price":2.08,"discountRate":20,"promo":"","orgPrice":2.6}},"categoryIds":["c-health--beauty"],"similarProductIds":[]},{"id":"dermaveen-everyday-soap-free-wash-1960279p","name":"Daily Nourish Soap-Free Wash","brand":"DermaVeen","imageUrls":["https://shop.coles.com.au/wcsstore/Coles-CAS/images/1/9/6/1960279.jpg"],"storeId":"coles","packageSize":"500mL","cupPrice":"$2.72 per 100mL","locations":{"VIC":{"price":13.6,"discountRate":0,"promo":"","orgPrice":13.6}},"categoryIds":["c-health--beauty"],"similarProductIds":[]},{"id":"durex-fetherlite-ultra-thin-condoms","name":"Fetherlite Ultra Thin Feel Condoms","brand":"Durex","imageUrls":["https://shop.coles.com.au/wcsstore/Coles-CAS/images/2/8/6/2862300.jpg"],"storeId":"coles","packageSize":"10 pack","cupPrice":"$0.54 per 1Ea","locations":{"VIC":{"price":5.44,"discountRate":0,"promo":"","orgPrice":5.44}},"categoryIds":["c-health--beauty"],"similarProductIds":[]},{"id":"elastoplast-strips-aqua-protect","name":"Aqua Protect Plasters","brand":"Elastoplast","imageUrls":["https://shop.coles.com.au/wcsstore/Coles-CAS/images/7/2/1/7213510.jpg"],"storeId":"coles","packageSize":"40 pack","cupPrice":"$0.10 per 1Ea","locations":{"VIC":{"price":4,"discountRate":20,"promo":"","orgPrice":5}},"categoryIds":["c-health--beauty"],"similarProductIds":[]},{"id":"elastoplast-plastic-strips","name":"Plastic Strips","brand":"Elastoplast","imageUrls":["https://shop.coles.com.au/wcsstore/Coles-CAS/images/9/7/3/9739561.jpg"],"storeId":"coles","packageSize":"40 pack","cupPrice":"$0.06 per 1Ea","locations":{"VIC":{"price":2.4,"discountRate":20,"promo":"","orgPrice":3}},"categoryIds":["c-health--beauty"],"similarProductIds":[]},{"id":"femfresh-feminine-deodorant","name":"Feminine Deodorant","brand":"Femfresh","imageUrls":["https://shop.coles.com.au/wcsstore/Coles-CAS/images/5/1/3/5137658.jpg"],"storeId":"coles","packageSize":"75g","cupPrice":"$10.13 per 100G","locations":{"VIC":{"price":7.6,"discountRate":20,"promo":"","orgPrice":9.5}},"categoryIds":["c-health--beauty"],"similarProductIds":[]},{"id":"femfresh-intimate-hygiene-deodorising-wash","name":"Triple Deodorising Wash","brand":"Femfresh","imageUrls":["https://shop.coles.com.au/wcsstore/Coles-CAS/images/2/3/7/2375343.jpg"],"storeId":"coles","packageSize":"250mL","cupPrice":"$2.16 per 100mL","locations":{"VIC":{"price":5.4,"discountRate":20,"promo":"","orgPrice":6.75}},"categoryIds":["c-health--beauty"],"similarProductIds":[]},{"id":"femfresh-pocket-wipes","name":"Limited Edition Pocket Wipes","brand":"Femfresh","imageUrls":["https://shop.coles.com.au/wcsstore/Coles-CAS/images/2/6/2/2622136.jpg"],"storeId":"coles","packageSize":"10 pack","cupPrice":"$0.24 per 1Ea","locations":{"VIC":{"price":2.4,"discountRate":20,"promo":"","orgPrice":3}},"categoryIds":["c-health--beauty"],"similarProductIds":[]},{"id":"garnier-micellar-milky-water","name":"Skin Active Micellar Cleansing Milky Water","brand":"Garnier","imageUrls":["https://shop.coles.com.au/wcsstore/Coles-CAS/images/3/5/3/3532731.jpg"],"storeId":"coles","packageSize":"400mL","cupPrice":"$2.25 per 100mL","locations":{"VIC":{"price":9,"discountRate":40,"promo":"","orgPrice":15}},"categoryIds":["c-health--beauty"],"similarProductIds":[]},{"id":"garnier-hydrabomb-eye-msk-antiage","name":"Hydra Bomb Eye Tissue Mask","brand":"Garnier","imageUrls":["https://shop.coles.com.au/wcsstore/Coles-CAS/images/3/5/5/3559625.jpg"],"storeId":"coles","packageSize":"","cupPrice":"$2.40 per 1Ea","locations":{"VIC":{"price":2.4,"discountRate":40,"promo":"","orgPrice":4}},"categoryIds":["c-health--beauty"],"similarProductIds":[]},{"id":"herbal-essences-bio-renew-morocco-argan-oil-shampoo","name":"Bio Renew Morocco Argan Oil Shampoo","brand":"Herbal Essences","imageUrls":["https://shop.coles.com.au/wcsstore/Coles-CAS/images/3/0/0/3004879.jpg"],"storeId":"coles","packageSize":"400mL","cupPrice":"$2.75 per 100mL","locations":{"VIC":{"price":11,"discountRate":27,"promo":"Any 2 $16","orgPrice":11}},"categoryIds":["c-health--beauty"],"similarProductIds":[]},{"id":"herbal-essences-hydrate-coconut-milk-shampoo","name":"Bio Renew Hydrate Coconut Milk Shampoo","brand":"Herbal Essences","imageUrls":["https://shop.coles.com.au/wcsstore/Coles-CAS/images/3/0/0/3004857.jpg"],"storeId":"coles","packageSize":"400mL","cupPrice":"$2.75 per 100mL","locations":{"VIC":{"price":11,"discountRate":27,"promo":"Any 2 $16","orgPrice":11}},"categoryIds":["c-health--beauty"],"similarProductIds":[]},{"id":"herron-tabsules-gold-paracetamol-bottle","name":"Gold Paracetamol Tabsules Bottle","brand":"Herron","imageUrls":["https://shop.coles.com.au/wcsstore/Coles-CAS/images/1/4/8/1486021.jpg"],"storeId":"coles","packageSize":"20 pack","cupPrice":"$2.75 per 1Ea","locations":{"VIC":{"price":2.75,"discountRate":24,"promo":"","orgPrice":3.6}},"categoryIds":["c-health--beauty"],"similarProductIds":[]},{"id":"loreal-elnett-hairspray-normal-strength","name":"Elnett Normal Strength Hair Spray","brand":"L'Oreal","imageUrls":["https://shop.coles.com.au/wcsstore/Coles-CAS/images/8/1/4/8143883.jpg"],"storeId":"coles","packageSize":"75mL","cupPrice":"$3.33 per 100mL","locations":{"VIC":{"price":2.5,"discountRate":50,"promo":"","orgPrice":5}},"categoryIds":["c-health--beauty"],"similarProductIds":[]},{"id":"loreal-elvive-colour-protect-conditioner-3047929p","name":"Colour Protect Elvive Conditioner","brand":"L'Oreal","imageUrls":["https://shop.coles.com.au/wcsstore/Coles-CAS/images/3/0/4/3047929.jpg"],"storeId":"coles","packageSize":"325mL","cupPrice":"$1.38 per 100mL","locations":{"VIC":{"price":4.5,"discountRate":44,"promo":"","orgPrice":8}},"categoryIds":["c-health--beauty"],"similarProductIds":[]},{"id":"loreal-elvive-total-repair-shampoo","name":"Total Repair Elvive Shampoo","brand":"L'Oreal","imageUrls":["https://shop.coles.com.au/wcsstore/Coles-CAS/images/3/0/4/3047882.jpg"],"storeId":"coles","packageSize":"325mL","cupPrice":"$1.38 per 100mL","locations":{"VIC":{"price":4.5,"discountRate":44,"promo":"","orgPrice":8}},"categoryIds":["c-health--beauty"],"similarProductIds":[]},{"id":"loreal-elvive-colour-protect-shampoo-3047850p","name":"Colour Protect Elvive Shampoo","brand":"L'Oreal","imageUrls":["https://shop.coles.com.au/wcsstore/Coles-CAS/images/3/0/4/3047850.jpg"],"storeId":"coles","packageSize":"325mL","cupPrice":"$1.38 per 100mL","locations":{"VIC":{"price":4.5,"discountRate":44,"promo":"","orgPrice":8}},"categoryIds":["c-health--beauty"],"similarProductIds":[]},{"id":"libra-breathable-liners-light-protection","name":"Light Protection Breathable Liners","brand":"Libra","imageUrls":["https://shop.coles.com.au/wcsstore/Coles-CAS/images/7/6/9/7692092.jpg"],"storeId":"coles","packageSize":"50 pack","cupPrice":"$0.06 per 1Ea","locations":{"VIC":{"price":2.88,"discountRate":0,"promo":"","orgPrice":2.88}},"categoryIds":["c-health--beauty"],"similarProductIds":[]},{"id":"libra-tampons-super","name":"Super Tampons","brand":"Libra","imageUrls":["https://shop.coles.com.au/wcsstore/Coles-CAS/images/4/5/9/459555.jpg"],"storeId":"coles","packageSize":"16 pack","cupPrice":"$0.18 per 1Ea","locations":{"VIC":{"price":2.88,"discountRate":0,"promo":"","orgPrice":2.88}},"categoryIds":["c-health--beauty"],"similarProductIds":[]},{"id":"libra-girl-goodnight-pads-with-wings","name":"Girl Goodnight Pads With Wings","brand":"Libra","imageUrls":["https://shop.coles.com.au/wcsstore/Coles-CAS/images/3/3/0/3301546.jpg"],"storeId":"coles","packageSize":"10 pack","cupPrice":"$0.28 per 1Ea","locations":{"VIC":{"price":2.8,"discountRate":30,"promo":"","orgPrice":4}},"categoryIds":["c-health--beauty"],"similarProductIds":[]},{"id":"mitchum-anti-perspirant-deodorant-roll-on-lady-powder-fresh","name":"Women's Roll On Powder Fresh Antiperspirant Deodorant","brand":"Mitchum","imageUrls":["https://shop.coles.com.au/wcsstore/Coles-CAS/images/5/0/6/5061035.jpg"],"storeId":"coles","packageSize":"50mL","cupPrice":"$5.32 per 100mL","locations":{"VIC":{"price":2.66,"discountRate":30,"promo":"","orgPrice":3.8}},"categoryIds":["c-health--beauty"],"similarProductIds":[]},{"id":"nivea-lip-care-hydro-care","name":"Hydrocare Moisturising Lip Balm + Shea Butter & SPF15","brand":"Nivea","imageUrls":["https://shop.coles.com.au/wcsstore/Coles-CAS/images/6/6/9/6693996.jpg"],"storeId":"coles","packageSize":"4.8g","cupPrice":"$58.33 per 100G","locations":{"VIC":{"price":2.8,"discountRate":30,"promo":"","orgPrice":4}},"categoryIds":["c-health--beauty"],"similarProductIds":[]},{"id":"nivea-for-men-spf-15-protective-moisturiser","name":"Men Protect & Care Face Moisturiser Cream SPF15 + Aloe Vera","brand":"Nivea","imageUrls":["https://shop.coles.com.au/wcsstore/Coles-CAS/images/5/1/8/5184341.jpg"],"storeId":"coles","packageSize":"75mL","cupPrice":"$11.20 per 100mL","locations":{"VIC":{"price":8.4,"discountRate":30,"promo":"","orgPrice":12}},"categoryIds":["c-health--beauty"],"similarProductIds":[]},{"id":"nivea-deodorant-aerosol-cool-kick","name":"Men Cool Kick Aerosol Antiperspirant Deodorant","brand":"Nivea","imageUrls":["https://shop.coles.com.au/wcsstore/Coles-CAS/images/1/1/8/1184623.jpg"],"storeId":"coles","packageSize":"250mL","cupPrice":"$1.82 per 100mL","locations":{"VIC":{"price":4.55,"discountRate":30,"promo":"","orgPrice":6.5}},"categoryIds":["c-health--beauty"],"similarProductIds":[]},{"id":"nivea-deo-black-white-fresh-womens-aerosol","name":"Black And White Invisible Fresh Aerosol Antiperspirant Deodorant","brand":"Nivea","imageUrls":["https://shop.coles.com.au/wcsstore/Coles-CAS/images/3/0/4/3048885.jpg"],"storeId":"coles","packageSize":"250mL","cupPrice":"$1.82 per 100mL","locations":{"VIC":{"price":4.55,"discountRate":30,"promo":"","orgPrice":6.5}},"categoryIds":["c-health--beauty"],"similarProductIds":[]},{"id":"nivea-antiperspirant-everyday-active-fresh","name":"Everyday Active Fresh Aerosol Antiperspirant Deodorant","brand":"Nivea","imageUrls":["https://shop.coles.com.au/wcsstore/Coles-CAS/images/3/2/3/3234303.jpg"],"storeId":"coles","packageSize":"250mL","cupPrice":"$1.82 per 100mL","locations":{"VIC":{"price":4.55,"discountRate":30,"promo":"","orgPrice":6.5}},"categoryIds":["c-health--beauty"],"similarProductIds":[]},{"id":"nivea-shower-creme-oils-ylang-ylang","name":"Shower Gel & Body Wash Creme & Oil Pearls Ylang Ylang","brand":"Nivea","imageUrls":["https://shop.coles.com.au/wcsstore/Coles-CAS/images/3/2/2/3227170.jpg"],"storeId":"coles","packageSize":"250mL","cupPrice":"$1.68 per 100mL","locations":{"VIC":{"price":4.2,"discountRate":30,"promo":"","orgPrice":6}},"categoryIds":["c-health--beauty"],"similarProductIds":[]},{"id":"nivea-indulge-body-lotion-cocoa","name":"Cocoa & Indulging  Body Lotion Moisturiser + Vitamin E","brand":"Nivea","imageUrls":["https://shop.coles.com.au/wcsstore/Coles-CAS/images/3/2/4/3240543.jpg"],"storeId":"coles","packageSize":"400mL","cupPrice":"$1.00 per 100mL","locations":{"VIC":{"price":4,"discountRate":50,"promo":"","orgPrice":8}},"categoryIds":["c-health--beauty"],"similarProductIds":[]},{"id":"nivea-men-ap-everyday-active-fresh","name":"Men Everyday Active Fresh Aerosol Antiperspirant Deodorant","brand":"Nivea","imageUrls":["https://shop.coles.com.au/wcsstore/Coles-CAS/images/3/3/6/3363000.jpg"],"storeId":"coles","packageSize":"250mL","cupPrice":"$1.82 per 100mL","locations":{"VIC":{"price":4.55,"discountRate":30,"promo":"","orgPrice":6.5}},"categoryIds":["c-health--beauty"],"similarProductIds":[]},{"id":"nivea-shower-hawaii-flower-oil-500ml","name":"Hawaiian Flower & Oil Shower Gel & Body Wash","brand":"Nivea","imageUrls":["https://shop.coles.com.au/wcsstore/Coles-CAS/images/3/5/1/3515620.jpg"],"storeId":"coles","packageSize":"500mL","cupPrice":"$1.12 per 100mL","locations":{"VIC":{"price":5.6,"discountRate":30,"promo":"","orgPrice":8}},"categoryIds":["c-health--beauty"],"similarProductIds":[]},{"id":"nivea-body-lotion-cocnut-monoi-oil","name":"Oil in Lotion Coconut & Monoi Oil Scented Body Moisturiser","brand":"Nivea","imageUrls":["https://shop.coles.com.au/wcsstore/Coles-CAS/images/3/7/2/3727151.jpg"],"storeId":"coles","packageSize":"400mL","cupPrice":"$1.25 per 100mL","locations":{"VIC":{"price":5,"discountRate":50,"promo":"","orgPrice":10}},"categoryIds":["c-health--beauty"],"similarProductIds":[]},{"id":"palmers-body-wash-coconut-indulging","name":"Coconut Indulging Body Wash","brand":"Palmer's","imageUrls":["https://shop.coles.com.au/wcsstore/Coles-CAS/images/1/3/0/1302162.jpg"],"storeId":"coles","packageSize":"400mL","cupPrice":"$1.00 per 100mL","locations":{"VIC":{"price":3.99,"discountRate":34,"promo":"","orgPrice":6}},"categoryIds":["c-health--beauty"],"similarProductIds":[]},{"id":"palmolive-shower-scrub-coconut-body-butter","name":"Coconut Body Butter Shower Scrub","brand":"Palmolive","imageUrls":["https://shop.coles.com.au/wcsstore/Coles-CAS/images/6/9/5/6957362.jpg"],"storeId":"coles","packageSize":"400mL","cupPrice":"$1.00 per 100mL","locations":{"VIC":{"price":4,"discountRate":0,"promo":"","orgPrice":4}},"categoryIds":["c-health--beauty"],"similarProductIds":[]},{"id":"palmolive-soap-gold","name":"Gold Soap","brand":"Palmolive","imageUrls":["https://shop.coles.com.au/wcsstore/Coles-CAS/images/5/9/2/5928755.jpg"],"storeId":"coles","packageSize":"4 pack","cupPrice":"$0.79 per 100G","locations":{"VIC":{"price":2.85,"discountRate":12,"promo":"Any 2 $5","orgPrice":2.85}},"categoryIds":["c-health--beauty"],"similarProductIds":[]},{"id":"palmolive-naturals-black-orchid-shower-gel-1879239p","name":"Naturals Black Orchid Shower Gel","brand":"Palmolive","imageUrls":["https://shop.coles.com.au/wcsstore/Coles-CAS/images/1/8/7/1879239.jpg"],"storeId":"coles","packageSize":"500mL","cupPrice":"$0.60 per 100mL","locations":{"VIC":{"price":3,"discountRate":44,"promo":"","orgPrice":5.4}},"categoryIds":["c-health--beauty"],"similarProductIds":[]},{"id":"palmolive-mens-active-shower-gel","name":"Men Active Shower Gel","brand":"Palmolive","imageUrls":["https://shop.coles.com.au/wcsstore/Coles-CAS/images/2/2/7/2274765.jpg"],"storeId":"coles","packageSize":"500mL","cupPrice":"$0.60 per 100mL","locations":{"VIC":{"price":3,"discountRate":44,"promo":"","orgPrice":5.4}},"categoryIds":["c-health--beauty"],"similarProductIds":[]},{"id":"schick-quattro-razor-cartridges-for-women","name":"Quattro For Women Razor Blade Cartridges","brand":"Schick","imageUrls":["https://shop.coles.com.au/wcsstore/Coles-CAS/images/4/7/0/4703705.jpg"],"storeId":"coles","packageSize":"4 pack","cupPrice":"$2.40 per 1Ea","locations":{"VIC":{"price":9.6,"discountRate":20,"promo":"","orgPrice":12}},"categoryIds":["c-health--beauty"],"similarProductIds":[]},{"id":"schick-xtreme-3-razor-disposable-sensitive-with-aloe","name":"Xtreme 3 Sensitive with Aloe Disposable Razor","brand":"Schick","imageUrls":["https://shop.coles.com.au/wcsstore/Coles-CAS/images/9/3/8/9387680.jpg"],"storeId":"coles","packageSize":"4 pack","cupPrice":"$1.00 per 1Ea","locations":{"VIC":{"price":4,"discountRate":20,"promo":"","orgPrice":5}},"categoryIds":["c-health--beauty"],"similarProductIds":[]},{"id":"schick-hydro-5-blade-kit","name":"Hydro 5 Blade Kit","brand":"Schick","imageUrls":["https://shop.coles.com.au/wcsstore/Coles-CAS/images/2/6/7/2677579.jpg"],"storeId":"coles","packageSize":"6 pack","cupPrice":"$3.47 per 1Ea","locations":{"VIC":{"price":20.8,"discountRate":20,"promo":"","orgPrice":26}},"categoryIds":["c-health--beauty"],"similarProductIds":[]},{"id":"schwarzkopf-taft-mousse-max-hold-styling","name":"Taft Max Hold Styling Mousse","brand":"Schwarzkopf","imageUrls":["https://shop.coles.com.au/wcsstore/Coles-CAS/images/5/9/4/59477.jpg"],"storeId":"coles","packageSize":"200g","cupPrice":"$1.75 per 100G","locations":{"VIC":{"price":3.5,"discountRate":20,"promo":"","orgPrice":4.4}},"categoryIds":["c-health--beauty"],"similarProductIds":[]},{"id":"schwarzkopf-taft-styling-lacquer-maximum-hold","name":"Taft Maximum Hold Styling Lacquer","brand":"Schwarzkopf","imageUrls":["https://shop.coles.com.au/wcsstore/Coles-CAS/images/5/9/4/59455.jpg"],"storeId":"coles","packageSize":"200g","cupPrice":"$1.78 per 100G","locations":{"VIC":{"price":3.55,"discountRate":20,"promo":"","orgPrice":4.45}},"categoryIds":["c-health--beauty"],"similarProductIds":[]},{"id":"tena-lady-pads-ultra-thin-mini","name":"Ultra Thin Mini Pads","brand":"Tena","imageUrls":["https://shop.coles.com.au/wcsstore/Coles-CAS/images/9/3/0/9301050.jpg"],"storeId":"coles","packageSize":"20 Pack","cupPrice":"$0.18 per 1Ea","locations":{"VIC":{"price":3.67,"discountRate":0,"promo":"","orgPrice":3.67}},"categoryIds":["c-health--beauty"],"similarProductIds":[]},{"id":"tena-pants-for-women-medium","name":"Medium Pants for Women","brand":"Tena","imageUrls":["https://shop.coles.com.au/wcsstore/Coles-CAS/images/9/8/8/9886624.jpg"],"storeId":"coles","packageSize":"8 pack","cupPrice":"$1.09 per 1Ea","locations":{"VIC":{"price":8.75,"discountRate":0,"promo":"","orgPrice":8.75}},"categoryIds":["c-health--beauty"],"similarProductIds":[]},{"id":"tena-active-incontinence-liners-extra-long","name":"Active Extra Long Liners","brand":"Tena","imageUrls":["https://shop.coles.com.au/wcsstore/Coles-CAS/images/6/7/9/6792058.jpg"],"storeId":"coles","packageSize":"24 pack","cupPrice":"$0.15 per 1Ea","locations":{"VIC":{"price":3.5,"discountRate":0,"promo":"","orgPrice":3.5}},"categoryIds":["c-health--beauty"],"similarProductIds":[]},{"id":"tena-discreet-long-length-ultra-thin-pads","name":"Discreet Long Length Ultra Thin Pads","brand":"Tena","imageUrls":["https://shop.coles.com.au/wcsstore/Coles-CAS/images/3/5/1/3512202.jpg"],"storeId":"coles","packageSize":"12 pack","cupPrice":"$0.29 per 1Ea","locations":{"VIC":{"price":3.5,"discountRate":30,"promo":"","orgPrice":5}},"categoryIds":["c-health--beauty"],"similarProductIds":[]},{"id":"toni-guy-conditioner-purple","name":"Purple Conditioner","brand":"Toni & Guy","imageUrls":["https://shop.coles.com.au/wcsstore/Coles-CAS/images/3/1/5/3157712.jpg"],"storeId":"coles","packageSize":"250mL","cupPrice":"$6.40 per 100mL","locations":{"VIC":{"price":16,"discountRate":22,"promo":"Any 2 $25","orgPrice":16}},"categoryIds":["c-health--beauty"],"similarProductIds":[]},{"id":"toni-guy-shampoo-purple","name":"Purple Shampoo","brand":"Toni & Guy","imageUrls":["https://shop.coles.com.au/wcsstore/Coles-CAS/images/3/1/5/3157596.jpg"],"storeId":"coles","packageSize":"250mL","cupPrice":"$6.40 per 100mL","locations":{"VIC":{"price":16,"discountRate":22,"promo":"Any 2 $25","orgPrice":16}},"categoryIds":["c-health--beauty"],"similarProductIds":[]},{"id":"velvet-sorbolene-soap","name":"Sorbolene Soap","brand":"Velvet","imageUrls":["https://shop.coles.com.au/wcsstore/Coles-CAS/images/1/8/7/1878156.jpg"],"storeId":"coles","packageSize":"2 pack","cupPrice":"$1.48 per 1Ea","locations":{"VIC":{"price":2.96,"discountRate":20,"promo":"","orgPrice":3.7}},"categoryIds":["c-health--beauty"],"similarProductIds":[]},{"id":"white-glo-micellar-whitening-tothpaste","name":"Micellar Whitening Toothpaste","brand":"White Glo","imageUrls":["https://shop.coles.com.au/wcsstore/Coles-CAS/images/3/6/9/3696127.jpg"],"storeId":"coles","packageSize":"150g","cupPrice":"$3.60 per 100G","locations":{"VIC":{"price":5.4,"discountRate":10,"promo":"","orgPrice":6}},"categoryIds":["c-health--beauty"],"similarProductIds":[]},{"id":"astroglide-personal-lubricant","name":"Personal Lubricant & Vaginal Moisturiser","brand":"Astroglide","imageUrls":["https://shop.coles.com.au/wcsstore/Coles-CAS/images/3/4/1/3410290.jpg"],"storeId":"coles","packageSize":"74mL","cupPrice":"$12.16 per 100mL","locations":{"VIC":{"price":9,"discountRate":10,"promo":"","orgPrice":10}},"categoryIds":["c-health--beauty"],"similarProductIds":[]},{"id":"australian-botanical-soap-lemongrass","name":"Lemongrass & Lemon Myrtle","brand":"Australian Botanical Soap","imageUrls":["https://shop.coles.com.au/wcsstore/Coles-CAS/images/3/2/3/3233989.jpg"],"storeId":"coles","packageSize":"200g","cupPrice":"$1.60 per 100G","locations":{"VIC":{"price":3.2,"discountRate":20,"promo":"","orgPrice":4}},"categoryIds":["c-health--beauty"],"similarProductIds":[]},{"id":"bach-rescue-remedy-cranberry-pastilles","name":"Rescue Remedy Cranberry Pastilles","brand":"Bach","imageUrls":["https://shop.coles.com.au/wcsstore/Coles-CAS/images/2/1/1/2110214.jpg"],"storeId":"coles","packageSize":"50g","cupPrice":"$20.00 per 100G","locations":{"VIC":{"price":10,"discountRate":23,"promo":"","orgPrice":13}},"categoryIds":["c-health--beauty"],"similarProductIds":[]},{"id":"bach-rescue-remedy-sleep-spray","name":"Rescue Sleep Spray","brand":"Bach","imageUrls":["https://shop.coles.com.au/wcsstore/Coles-CAS/images/2/1/2/2123544.jpg"],"storeId":"coles","packageSize":"20mL","cupPrice":"$114.00 per 100mL","locations":{"VIC":{"price":22.8,"discountRate":20,"promo":"","orgPrice":28.5}},"categoryIds":["c-health--beauty"],"similarProductIds":[]},{"id":"bach-rescue-remedy-drops","name":"Rescue Remedy Drops","brand":"Bach","imageUrls":["https://shop.coles.com.au/wcsstore/Coles-CAS/images/1/7/9/1795208.jpg"],"storeId":"coles","packageSize":"10mL","cupPrice":"$160.00 per 100mL","locations":{"VIC":{"price":16,"discountRate":20,"promo":"","orgPrice":20}},"categoryIds":["c-health--beauty"],"similarProductIds":[]},{"id":"batiste-dry-shampoo-medium","name":"Medium Brunette Dry Shampoo","brand":"Batiste","imageUrls":["https://shop.coles.com.au/wcsstore/Coles-CAS/images/1/2/5/1256826.jpg"],"storeId":"coles","packageSize":"200mL","cupPrice":"$3.25 per 100mL","locations":{"VIC":{"price":6.5,"discountRate":50,"promo":"","orgPrice":13}},"categoryIds":["c-health--beauty"],"similarProductIds":[]},{"id":"batiste-dry-shampoo-volume","name":"Dry Shampoo & Volume With Plumping Collagen","brand":"Batiste","imageUrls":["https://shop.coles.com.au/wcsstore/Coles-CAS/images/3/5/3/3535026.jpg"],"storeId":"coles","packageSize":"200mL","cupPrice":"$3.25 per 100mL","locations":{"VIC":{"price":6.5,"discountRate":50,"promo":"","orgPrice":13}},"categoryIds":["c-health--beauty"],"similarProductIds":[]},{"id":"bic-shavers-twin-select-for-sensitive-skin","name":"Twin Blade Disposable Razors for Sensitive Skin","brand":"Bic","imageUrls":["https://shop.coles.com.au/wcsstore/Coles-CAS/images/5/5/1/5513002.jpg"],"storeId":"coles","packageSize":"10 pack","cupPrice":"$0.28 per 1Ea","locations":{"VIC":{"price":2.8,"discountRate":30,"promo":"","orgPrice":4}},"categoryIds":["c-health--beauty"],"similarProductIds":[]},{"id":"bic-flex-3-mens-shaver","name":"Flex 3 Men's Disposable Razor","brand":"Bic","imageUrls":["https://shop.coles.com.au/wcsstore/Coles-CAS/images/2/2/7/2277912.jpg"],"storeId":"coles","packageSize":"4 pack","cupPrice":"$0.96 per 1Ea","locations":{"VIC":{"price":3.85,"discountRate":30,"promo":"","orgPrice":5.5}},"categoryIds":["c-health--beauty"],"similarProductIds":[]},{"id":"bondi-sands-tanning-foam-dark","name":"Tanning Foam Dark","brand":"Bondi Sands","imageUrls":["https://shop.coles.com.au/wcsstore/Coles-CAS/images/2/4/6/2464727.jpg"],"storeId":"coles","packageSize":"200mL","cupPrice":"$7.00 per 100mL","locations":{"VIC":{"price":14,"discountRate":30,"promo":"","orgPrice":20}},"categoryIds":["c-health--beauty"],"similarProductIds":[]},{"id":"bondi-sands-self-tanning-mitt","name":"Self Tanning Mitt","brand":"Bondi Sands","imageUrls":["https://shop.coles.com.au/wcsstore/Coles-CAS/images/2/4/6/2464691.jpg"],"storeId":"coles","packageSize":"","cupPrice":"$7.00 per 1Ea","locations":{"VIC":{"price":7,"discountRate":30,"promo":"","orgPrice":10}},"categoryIds":["c-health--beauty"],"similarProductIds":[]},{"id":"bondi-sands-ultra-dark-foam","name":"Ultra Dark Foam","brand":"Bondi Sands","imageUrls":["https://shop.coles.com.au/wcsstore/Coles-CAS/images/2/9/9/2995009.jpg"],"storeId":"coles","packageSize":"200mL","cupPrice":"$8.75 per 100mL","locations":{"VIC":{"price":17.5,"discountRate":30,"promo":"","orgPrice":25}},"categoryIds":["c-health--beauty"],"similarProductIds":[]},{"id":"bondi-sands-self-tan-eraser","name":"Self Tan Eraser","brand":"Bondi Sands","imageUrls":["https://shop.coles.com.au/wcsstore/Coles-CAS/images/2/9/9/2994990.jpg"],"storeId":"coles","packageSize":"200mL","cupPrice":"$7.00 per 100mL","locations":{"VIC":{"price":14,"discountRate":30,"promo":"","orgPrice":20}},"categoryIds":["c-health--beauty"],"similarProductIds":[]},{"id":"bondi-sands-1-hour-express-tan","name":"Aero One Hour Express","brand":"Bondi Sands","imageUrls":["https://shop.coles.com.au/wcsstore/Coles-CAS/images/3/2/6/3264950.jpg"],"storeId":"coles","packageSize":"225mL","cupPrice":"$7.78 per 100mL","locations":{"VIC":{"price":17.5,"discountRate":30,"promo":"","orgPrice":25}},"categoryIds":["c-health--beauty"],"similarProductIds":[]},{"id":"bondi-sands-aero","name":"Aero Dark","brand":"Bondi Sands","imageUrls":["https://shop.coles.com.au/wcsstore/Coles-CAS/images/3/5/7/3571631.jpg"],"storeId":"coles","packageSize":"225mL","cupPrice":"$7.78 per 100mL","locations":{"VIC":{"price":17.5,"discountRate":30,"promo":"","orgPrice":25}},"categoryIds":["c-health--beauty"],"similarProductIds":[]},{"id":"bondis-sands-spf50-lotion","name":"Coconut Beach Sunscreen Lotion SPF 50+","brand":"Bondi Sands","imageUrls":["https://shop.coles.com.au/wcsstore/Coles-CAS/images/3/5/7/3571551.jpg"],"storeId":"coles","packageSize":"200mL","cupPrice":"$6.30 per 100mL","locations":{"VIC":{"price":12.6,"discountRate":30,"promo":"","orgPrice":18}},"categoryIds":["c-health--beauty"],"similarProductIds":[]},{"id":"bondi-sands-spf-50-face-lotion","name":"Face Lotion SPF 50+","brand":"Bondi Sands","imageUrls":["https://shop.coles.com.au/wcsstore/Coles-CAS/images/3/5/9/3599120.jpg"],"storeId":"coles","packageSize":"75mL","cupPrice":"$14.00 per 100mL","locations":{"VIC":{"price":10.5,"discountRate":30,"promo":"","orgPrice":15}},"categoryIds":["c-health--beauty"],"similarProductIds":[]},{"id":"bondi-sands-spf-50-lotion","name":"Lotion SPF 50+","brand":"Bondi Sands","imageUrls":["https://shop.coles.com.au/wcsstore/Coles-CAS/images/3/5/9/3597227.jpg"],"storeId":"coles","packageSize":"150mL","cupPrice":"$6.07 per 100mL","locations":{"VIC":{"price":9.1,"discountRate":30,"promo":"","orgPrice":13}},"categoryIds":["c-health--beauty"],"similarProductIds":[]},{"id":"bondi-sands-aero-ultra-dark","name":"Aero Ultra Dark","brand":"Bondi Sands","imageUrls":["https://shop.coles.com.au/wcsstore/Coles-CAS/images/3/7/3/3732297.jpg"],"storeId":"coles","packageSize":"225mL","cupPrice":"$8.40 per 100mL","locations":{"VIC":{"price":18.9,"discountRate":30,"promo":"","orgPrice":27}},"categoryIds":["c-health--beauty"],"similarProductIds":[]},{"id":"bosistos-lavender-spray","name":"Natural Lavender Oil Spray","brand":"Bosisto's","imageUrls":["https://shop.coles.com.au/wcsstore/Coles-CAS/images/3/2/8/3281008.jpg"],"storeId":"coles","packageSize":"125g","cupPrice":"$6.72 per 100G","locations":{"VIC":{"price":8.4,"discountRate":30,"promo":"","orgPrice":12}},"categoryIds":["c-health--beauty"],"similarProductIds":[]},{"id":"bosistos-stress-oil","name":"Stress Pure Essential Oils","brand":"Bosisto's","imageUrls":["https://shop.coles.com.au/wcsstore/Coles-CAS/images/3/4/1/3411464.jpg"],"storeId":"coles","packageSize":"15mL","cupPrice":"$0.91 per 1mL","locations":{"VIC":{"price":13.6,"discountRate":20,"promo":"","orgPrice":17}},"categoryIds":["c-health--beauty"],"similarProductIds":[]},{"id":"bosistos-sleep-oil","name":"Sleep Pure Essential Oil","brand":"Bosisto's","imageUrls":["https://shop.coles.com.au/wcsstore/Coles-CAS/images/3/4/1/3411453.jpg"],"storeId":"coles","packageSize":"15mL","cupPrice":"$90.67 per 100mL","locations":{"VIC":{"price":13.6,"discountRate":20,"promo":"","orgPrice":17}},"categoryIds":["c-health--beauty"],"similarProductIds":[]},{"id":"bosistos-kakadu-plum-lemn-myrtle","name":"Kakadu Plum & Lemon Myrtle Nourishing Body Wash","brand":"Bosisto's","imageUrls":["https://shop.coles.com.au/wcsstore/Coles-CAS/images/3/5/1/3519460.jpg"],"storeId":"coles","packageSize":"500mL","cupPrice":"$1.20 per 100mL","locations":{"VIC":{"price":6,"discountRate":25,"promo":"","orgPrice":8}},"categoryIds":["c-health--beauty"],"similarProductIds":[]},{"id":"bosistos-warath-flwr-mnt-mndarn","name":"Waratah Flower Mint & Mandarin Body Wash","brand":"Bosisto's","imageUrls":["https://shop.coles.com.au/wcsstore/Coles-CAS/images/3/5/1/3519450.jpg"],"storeId":"coles","packageSize":"500mL","cupPrice":"$1.20 per 100mL","locations":{"VIC":{"price":6,"discountRate":25,"promo":"","orgPrice":8}},"categoryIds":["c-health--beauty"],"similarProductIds":[]},{"id":"bosistos-calming-solution","name":"Calming Solution","brand":"Bosisto's","imageUrls":["https://shop.coles.com.au/wcsstore/Coles-CAS/images/3/7/3/3734419.jpg"],"storeId":"coles","packageSize":"100mL","cupPrice":"$7.20 per 100mL","locations":{"VIC":{"price":7.2,"discountRate":20,"promo":"","orgPrice":9}},"categoryIds":["c-health--beauty"],"similarProductIds":[]},{"id":"bosistos-antibacterial-solution","name":"Antibacterial Solution","brand":"Bosisto's","imageUrls":["https://shop.coles.com.au/wcsstore/Coles-CAS/images/3/7/3/3734394.jpg"],"storeId":"coles","packageSize":"250mL","cupPrice":"$2.88 per 100mL","locations":{"VIC":{"price":7.2,"discountRate":20,"promo":"","orgPrice":9}},"categoryIds":["c-health--beauty"],"similarProductIds":[]},{"id":"bosisto-s-swet-almond-body-oil-100ml","name":"Sweet Almond Body Oil","brand":"Bosisto's","imageUrls":["https://shop.coles.com.au/wcsstore/Coles-CAS/images/3/7/3/3734361.jpg"],"storeId":"coles","packageSize":"100mL","cupPrice":"$8.00 per 100mL","locations":{"VIC":{"price":8,"discountRate":20,"promo":"","orgPrice":10}},"categoryIds":["c-health--beauty"],"similarProductIds":[]},{"id":"bosisto-s-stress-roll-on-10ml","name":"Stress Roll On 10ml","brand":"Bosisto's","imageUrls":["https://shop.coles.com.au/wcsstore/Coles-CAS/images/3/7/3/3734340.jpg"],"storeId":"coles","packageSize":"10mL","cupPrice":"$11.25 per 1Ea","locations":{"VIC":{"price":11.25,"discountRate":25,"promo":"","orgPrice":15}},"categoryIds":["c-health--beauty"],"similarProductIds":[]},{"id":"bosistos-tea-tre-spray","name":"Tea Tree Spray","brand":"Bosisto's","imageUrls":["https://shop.coles.com.au/wcsstore/Coles-CAS/images/3/7/3/3734420.jpg"],"storeId":"coles","packageSize":"1 pack","cupPrice":"$6.72 per 100G","locations":{"VIC":{"price":8.4,"discountRate":30,"promo":"","orgPrice":12}},"categoryIds":["c-health--beauty"],"similarProductIds":[]},{"id":"bosisto-s-stress-nasal-inhaler-1g","name":"Stress Nasal Inhaler","brand":"Bosisto's","imageUrls":["https://shop.coles.com.au/wcsstore/Coles-CAS/images/3/7/3/3734350.jpg"],"storeId":"coles","packageSize":"1g","cupPrice":"$5.60 per 1Ea","locations":{"VIC":{"price":5.6,"discountRate":20,"promo":"","orgPrice":7}},"categoryIds":["c-health--beauty"],"similarProductIds":[]},{"id":"bosisto-s-slep-roll-on-10ml","name":"Sleep Roll On 10ml","brand":"Bosisto's","imageUrls":["https://shop.coles.com.au/wcsstore/Coles-CAS/images/3/7/3/3734339.jpg"],"storeId":"coles","packageSize":"10mL","cupPrice":"$11.25 per 1Ea","locations":{"VIC":{"price":11.25,"discountRate":25,"promo":"","orgPrice":15}},"categoryIds":["c-health--beauty"],"similarProductIds":[]},{"id":"bosistos-antifungal-solution","name":"Antifungal Solution","brand":"Bosistos","imageUrls":["https://shop.coles.com.au/wcsstore/Coles-CAS/images/3/7/3/3734408.jpg"],"storeId":"coles","packageSize":"100mL","cupPrice":"$7.20 per 100mL","locations":{"VIC":{"price":7.2,"discountRate":20,"promo":"","orgPrice":9}},"categoryIds":["c-health--beauty"],"similarProductIds":[]},{"id":"canesten-athletes-foot-cream","name":"Athlete's Foot Cream","brand":"Canesten","imageUrls":["https://shop.coles.com.au/wcsstore/Coles-CAS/images/6/5/9/6591522.jpg"],"storeId":"coles","packageSize":"50g","cupPrice":"$25.20 per 100G","locations":{"VIC":{"price":12.6,"discountRate":10,"promo":"","orgPrice":14}},"categoryIds":["c-health--beauty"],"similarProductIds":[]},{"id":"carefree-liners-regular-purse-pack","name":"Regular Purse Pack Liners","brand":"Carefree","imageUrls":["https://shop.coles.com.au/wcsstore/Coles-CAS/images/6/9/3/6932962.jpg"],"storeId":"coles","packageSize":"30 pack","cupPrice":"$0.09 per 1Ea","locations":{"VIC":{"price":2.8,"discountRate":20,"promo":"","orgPrice":3.5}},"categoryIds":["c-health--beauty"],"similarProductIds":[]},{"id":"carefree-flexia-tampons-super","name":"Super Flexia Tampons","brand":"Carefree","imageUrls":["https://shop.coles.com.au/wcsstore/Coles-CAS/images/6/5/6/6567142.jpg"],"storeId":"coles","packageSize":"16 pack","cupPrice":"$0.25 per 1Ea","locations":{"VIC":{"price":4,"discountRate":20,"promo":"","orgPrice":5}},"categoryIds":["c-health--beauty"],"similarProductIds":[]},{"id":"carefree-liners-long","name":"Long Liners","brand":"Carefree","imageUrls":["https://shop.coles.com.au/wcsstore/Coles-CAS/images/6/8/9/6899437.jpg"],"storeId":"coles","packageSize":"30 pack","cupPrice":"$0.09 per 1Ea","locations":{"VIC":{"price":2.8,"discountRate":20,"promo":"","orgPrice":3.5}},"categoryIds":["c-health--beauty"],"similarProductIds":[]},{"id":"carefree-barely-there-liners-g-string","name":"G String Liners","brand":"Carefree","imageUrls":["https://shop.coles.com.au/wcsstore/Coles-CAS/images/4/9/7/4975090.jpg"],"storeId":"coles","packageSize":"24 pack","cupPrice":"$0.10 per 1Ea","locations":{"VIC":{"price":2.4,"discountRate":20,"promo":"","orgPrice":3}},"categoryIds":["c-health--beauty"],"similarProductIds":[]},{"id":"carefree-tampons-super-103218p","name":"Original Super Tampons","brand":"Carefree","imageUrls":["https://shop.coles.com.au/wcsstore/Coles-CAS/images/1/0/3/103218.jpg"],"storeId":"coles","packageSize":"16 pack","cupPrice":"$0.19 per 1Ea","locations":{"VIC":{"price":3,"discountRate":29,"promo":"","orgPrice":4.25}},"categoryIds":["c-health--beauty"],"similarProductIds":[]},{"id":"carefree-tampons-regular-103229p","name":"Regular Tampons","brand":"Carefree","imageUrls":["https://shop.coles.com.au/wcsstore/Coles-CAS/images/1/0/3/103229.jpg"],"storeId":"coles","packageSize":"20 pack","cupPrice":"$0.15 per 1Ea","locations":{"VIC":{"price":3,"discountRate":29,"promo":"","orgPrice":4.25}},"categoryIds":["c-health--beauty"],"similarProductIds":[]},{"id":"carefree-breathable-liners-2621246p","name":"Breathable Liners","brand":"Carefree","imageUrls":["https://shop.coles.com.au/wcsstore/Coles-CAS/images/2/6/2/2621246.jpg"],"storeId":"coles","packageSize":"48 pack","cupPrice":"$0.07 per 1Ea","locations":{"VIC":{"price":3.28,"discountRate":20,"promo":"","orgPrice":4.1}},"categoryIds":["c-health--beauty"],"similarProductIds":[]},{"id":"carefree-barely-there-aloe-vera-liners","name":"Ultra Thin & Flexible Aloe Vera Liners","brand":"Carefree barely There","imageUrls":["https://shop.coles.com.au/wcsstore/Coles-CAS/images/2/6/2/2621235.jpg"],"storeId":"coles","packageSize":"42 pack","cupPrice":"$0.09 per 1Ea","locations":{"VIC":{"price":3.6,"discountRate":20,"promo":"","orgPrice":4.5}},"categoryIds":["c-health--beauty"],"similarProductIds":[]},{"id":"clara-ultra-thin-liners","name":"Ultra Thin Liners","brand":"Clara","imageUrls":["https://shop.coles.com.au/wcsstore/Coles-CAS/images/3/7/1/3710341.jpg"],"storeId":"coles","packageSize":"48 pack","cupPrice":"$0.04 per 1Ea","locations":{"VIC":{"price":2,"discountRate":20,"promo":"","orgPrice":2.5}},"categoryIds":["c-health--beauty"],"similarProductIds":[]},{"id":"clara-ultra-thin-pads-overnight-with-wings","name":"Ultra Thin Pads Overnight With Wings","brand":"Clara","imageUrls":["https://shop.coles.com.au/wcsstore/Coles-CAS/images/3/7/1/3710512.jpg"],"storeId":"coles","packageSize":"10 pack","cupPrice":"$0.24 per 1Ea","locations":{"VIC":{"price":2.4,"discountRate":20,"promo":"","orgPrice":3}},"categoryIds":["c-health--beauty"],"similarProductIds":[]},{"id":"coles-mixers-tang-berg","name":"Tangerine & Bergamot Lemongrass Spritzer Mixers Multipack Bottles 200mL","brand":"Coles","imageUrls":["https://shop.coles.com.au/wcsstore/Coles-CAS/images/3/4/9/3490289.jpg"],"storeId":"coles","packageSize":"4 pack","cupPrice":"$5.63 per 1L","locations":{"VIC":{"price":4.5,"discountRate":25,"promo":"","orgPrice":6}},"categoryIds":["c-health--beauty"],"similarProductIds":[]},{"id":"coles-mixers-pink-lemoade","name":"Pink Lemonade Mixers Multipack Bottles 200mL","brand":"Coles","imageUrls":["https://shop.coles.com.au/wcsstore/Coles-CAS/images/3/4/9/3490267.jpg"],"storeId":"coles","packageSize":"4 pack","cupPrice":"$6.25 per 1L","locations":{"VIC":{"price":5,"discountRate":17,"promo":"","orgPrice":6}},"categoryIds":["c-health--beauty"],"similarProductIds":[]},{"id":"coles-mixers-medit-tonic","name":"Mediterranean Tonic Water Mixers Multipack Bottles 200mL","brand":"Coles","imageUrls":["https://shop.coles.com.au/wcsstore/Coles-CAS/images/3/4/9/3490290.jpg"],"storeId":"coles","packageSize":"4 pack","cupPrice":"$5.63 per 1L","locations":{"VIC":{"price":4.5,"discountRate":25,"promo":"","orgPrice":6}},"categoryIds":["c-health--beauty"],"similarProductIds":[]},{"id":"clara-ultra-thin-pads-regular-without-wings","name":"Clara Ultra Thin Pads Regular Without Wings","brand":"Coles","imageUrls":["https://shop.coles.com.au/wcsstore/Coles-CAS/images/3/7/1/3710396.jpg"],"storeId":"coles","packageSize":"14 PACK","cupPrice":"","locations":{"VIC":{"price":2.4,"discountRate":20,"promo":"","orgPrice":3}},"categoryIds":["c-health--beauty"],"similarProductIds":[]},{"id":"clara-ultra-thin-pads-super-with-wings","name":"Clara Ultra Thin Pads Super With Wings","brand":"Coles","imageUrls":["https://shop.coles.com.au/wcsstore/Coles-CAS/images/3/7/1/3710432.jpg"],"storeId":"coles","packageSize":"12 PACK","cupPrice":"","locations":{"VIC":{"price":2.4,"discountRate":20,"promo":"","orgPrice":3}},"categoryIds":["c-health--beauty"],"similarProductIds":[]},{"id":"clara-ultra-thin-pads-regular-with-wings","name":"Clara Ultra Thin Pads Regular With Wings","brand":"Coles","imageUrls":["https://shop.coles.com.au/wcsstore/Coles-CAS/images/3/7/1/3710374.jpg"],"storeId":"coles","packageSize":"14 PACK","cupPrice":"","locations":{"VIC":{"price":2.4,"discountRate":20,"promo":"","orgPrice":3}},"categoryIds":["c-health--beauty"],"similarProductIds":[]},{"id":"colgate-total-dental-floss","name":"Total Mint Waxed Dental Floss","brand":"Colgate","imageUrls":["https://shop.coles.com.au/wcsstore/Coles-CAS/images/7/5/1/7519870.jpg"],"storeId":"coles","packageSize":"100m","cupPrice":"$0.05 per 1M","locations":{"VIC":{"price":4.8,"discountRate":40,"promo":"","orgPrice":8}},"categoryIds":["c-health--beauty"],"similarProductIds":[]},{"id":"colgate-pro-relief-multi-protection-paste","name":"Sensitive Pro Relief Multiprotection Toothpaste","brand":"Colgate","imageUrls":["https://shop.coles.com.au/wcsstore/Coles-CAS/images/8/6/2/8624032.jpg"],"storeId":"coles","packageSize":"110g","cupPrice":"$5.45 per 100G","locations":{"VIC":{"price":6,"discountRate":40,"promo":"","orgPrice":10}},"categoryIds":["c-health--beauty"],"similarProductIds":[]},{"id":"colgate-pro-relief-toothpaste-enamel-repair","name":"Sensitive Pro Relief Enamel Repair Toothpaste","brand":"Colgate","imageUrls":["https://shop.coles.com.au/wcsstore/Coles-CAS/images/8/9/3/8939383.jpg"],"storeId":"coles","packageSize":"110g","cupPrice":"$5.45 per 100G","locations":{"VIC":{"price":6,"discountRate":40,"promo":"","orgPrice":10}},"categoryIds":["c-health--beauty"],"similarProductIds":[]},{"id":"colgate-toothpaste-whitening-plus-tartar-control-pump-pack","name":"Whitening & Tartar Pump Toothpaste","brand":"Colgate","imageUrls":["https://shop.coles.com.au/wcsstore/Coles-CAS/images/8/8/7/8870141.jpg"],"storeId":"coles","packageSize":"130g","cupPrice":"$3.97 per 100G","locations":{"VIC":{"price":5.16,"discountRate":40,"promo":"","orgPrice":8.6}},"categoryIds":["c-health--beauty"],"similarProductIds":[]},{"id":"colgate-travel-pack","name":"Travel Pack","brand":"Colgate","imageUrls":["https://shop.coles.com.au/wcsstore/Coles-CAS/images/6/7/8/6780795.jpg"],"storeId":"coles","packageSize":"1 pack","cupPrice":"$4.80 per 1Ea","locations":{"VIC":{"price":4.8,"discountRate":40,"promo":"","orgPrice":8}},"categoryIds":["c-health--beauty"],"similarProductIds":[]},{"id":"colgate-zig-zag-flex-toothbrush-adults-soft","name":"Zig Zag Flex Soft Toothbrush","brand":"Colgate","imageUrls":["https://shop.coles.com.au/wcsstore/Coles-CAS/images/5/4/0/5406647.jpg"],"storeId":"coles","packageSize":"1 pack","cupPrice":"$1.80 per 1Ea","locations":{"VIC":{"price":1.8,"discountRate":40,"promo":"","orgPrice":3}},"categoryIds":["c-health--beauty"],"similarProductIds":[]},{"id":"colgate-zig-zag-flex-toothbrush-adult-medium","name":"Zig Zag Flex Medium Toothbrush","brand":"Colgate","imageUrls":["https://shop.coles.com.au/wcsstore/Coles-CAS/images/6/1/6/6163096.jpg"],"storeId":"coles","packageSize":"1 pack","cupPrice":"$1.80 per 1Ea","locations":{"VIC":{"price":1.8,"discountRate":40,"promo":"","orgPrice":3}},"categoryIds":["c-health--beauty"],"similarProductIds":[]},{"id":"colgate-toothpaste-mouthwash-2-in-1-whitening","name":"2 in 1 Liquid Gel Whitening Toothpaste & Mouthwash","brand":"Colgate","imageUrls":["https://shop.coles.com.au/wcsstore/Coles-CAS/images/5/0/1/5012845.jpg"],"storeId":"coles","packageSize":"130g","cupPrice":"$2.49 per 100G","locations":{"VIC":{"price":3.24,"discountRate":0,"promo":"","orgPrice":3.24}},"categoryIds":["c-health--beauty"],"similarProductIds":[]},{"id":"colgate-optic-white-enamel-white-sparkling-mint-toothpaste","name":"Optic White Enamel White Whitening Toothpaste","brand":"Colgate","imageUrls":["https://shop.coles.com.au/wcsstore/Coles-CAS/images/1/7/0/1706183.jpg"],"storeId":"coles","packageSize":"140g","cupPrice":"$4.29 per 100G","locations":{"VIC":{"price":6,"discountRate":40,"promo":"","orgPrice":10}},"categoryIds":["c-health--beauty"],"similarProductIds":[]},{"id":"colgate--360-advanced-medium-manual-toothbrush","name":"360 Advanced Medium Manual Toothbrush","brand":"Colgate","imageUrls":["https://shop.coles.com.au/wcsstore/Coles-CAS/images/2/8/7/2871210.jpg"],"storeId":"coles","packageSize":"1 pack","cupPrice":"$3.60 per 1Ea","locations":{"VIC":{"price":3.6,"discountRate":40,"promo":"","orgPrice":6}},"categoryIds":["c-health--beauty"],"similarProductIds":[]},{"id":"colgate-plax-kids-mouthwash","name":"Plax Kids Mouthwash","brand":"Colgate","imageUrls":["https://shop.coles.com.au/wcsstore/Coles-CAS/images/2/8/7/2871196.jpg"],"storeId":"coles","packageSize":"250mL","cupPrice":"$1.20 per 100mL","locations":{"VIC":{"price":3,"discountRate":40,"promo":"","orgPrice":5}},"categoryIds":["c-health--beauty"],"similarProductIds":[]},{"id":"colgate-kids-power-tbrush-spiderman---barbie","name":"Batman & Barbie Kids Battery Toothbrush","brand":"Colgate","imageUrls":["https://shop.coles.com.au/wcsstore/Coles-CAS/images/5/3/9/5390172.jpg"],"storeId":"coles","packageSize":"1 pack","cupPrice":"$6.60 per 1Ea","locations":{"VIC":{"price":6.6,"discountRate":40,"promo":"","orgPrice":11}},"categoryIds":["c-health--beauty"],"similarProductIds":[]},{"id":"colgate-minions-extra-soft-battery-toothbrush","name":"Minions Battery Powered Extra Soft Toothbrush","brand":"Colgate","imageUrls":["https://shop.coles.com.au/wcsstore/Coles-CAS/images/3/4/0/3402077.jpg"],"storeId":"coles","packageSize":"1 pack","cupPrice":"$6.60 per 1Ea","locations":{"VIC":{"price":6.6,"discountRate":40,"promo":"","orgPrice":11}},"categoryIds":["c-health--beauty"],"similarProductIds":[]},{"id":"colgate-total-advanced-whitening-toothpaste-3400934p","name":"Total Advanced Whitening Toothpaste","brand":"Colgate","imageUrls":["https://shop.coles.com.au/wcsstore/Coles-CAS/images/3/4/0/3400934.jpg"],"storeId":"coles","packageSize":"115g","cupPrice":"$2.87 per 100G","locations":{"VIC":{"price":3.3,"discountRate":40,"promo":"","orgPrice":5.5}},"categoryIds":["c-health--beauty"],"similarProductIds":[]},{"id":"colgate-total-advanced-fresh-toothpaste","name":"Total Advanced Fresh Multi Benefit Toothpaste","brand":"Colgate","imageUrls":["https://shop.coles.com.au/wcsstore/Coles-CAS/images/3/4/0/3400912.jpg"],"storeId":"coles","packageSize":"200g","cupPrice":"$2.40 per 100G","locations":{"VIC":{"price":4.8,"discountRate":40,"promo":"","orgPrice":8}},"categoryIds":["c-health--beauty"],"similarProductIds":[]},{"id":"colgate-total-toothpaste-3450488p","name":"Total Multi Benefit Toothpaste","brand":"Colgate","imageUrls":["https://shop.coles.com.au/wcsstore/Coles-CAS/images/3/4/5/3450488.jpg"],"storeId":"coles","packageSize":"40g","cupPrice":"$2.55 per 100G","locations":{"VIC":{"price":1.02,"discountRate":40,"promo":"","orgPrice":1.7000000000000002}},"categoryIds":["c-health--beauty"],"similarProductIds":[]},{"id":"colgate-max-white-soft-manual-tothbrush","name":"Max White Medium Manual Toothbrush","brand":"Colgate","imageUrls":["https://shop.coles.com.au/wcsstore/Coles-CAS/images/3/6/9/3696364.jpg"],"storeId":"coles","packageSize":"3 pack","cupPrice":"$2.00 per 1Ea","locations":{"VIC":{"price":6,"discountRate":40,"promo":"","orgPrice":10}},"categoryIds":["c-health--beauty"],"similarProductIds":[]},{"id":"colgate-optic-white-overnight-pen-1pk","name":"Optic White Overnight Pen 1pack","brand":"Colgate","imageUrls":["https://shop.coles.com.au/wcsstore/Coles-CAS/images/3/6/9/3694085.jpg"],"storeId":"coles","packageSize":"2.5mL","cupPrice":"$21.00 per 1Ea","locations":{"VIC":{"price":21,"discountRate":40,"promo":"","orgPrice":35}},"categoryIds":["c-health--beauty"],"similarProductIds":[]},{"id":"colgate-proclinical-250r-charcoal-with-refill","name":"Proclinical 250r Charcoal With Refill","brand":"Colgate","imageUrls":["https://shop.coles.com.au/wcsstore/Coles-CAS/images/3/4/0/3400650.jpg"],"storeId":"coles","packageSize":"1 pack","cupPrice":"$30.00 per 1Ea","locations":{"VIC":{"price":30,"discountRate":40,"promo":"","orgPrice":50}},"categoryIds":["c-health--beauty"],"similarProductIds":[]},{"id":"colgate-total-charcoal-dep-clean-tothpate","name":"Total Charcoal Deep Clean Toothpaste","brand":"Colgate","imageUrls":["https://shop.coles.com.au/wcsstore/Coles-CAS/images/3/6/9/3695168.jpg"],"storeId":"coles","packageSize":"200g","cupPrice":"$2.40 per 100G","locations":{"VIC":{"price":4.8,"discountRate":40,"promo":"","orgPrice":8}},"categoryIds":["c-health--beauty"],"similarProductIds":[]},{"id":"colgate-bambo-charcoal-soft-tothbrush-3695146p","name":"Bamboo Charcoal Soft Toothbrush","brand":"Colgate","imageUrls":["https://shop.coles.com.au/wcsstore/Coles-CAS/images/3/6/9/3695146.jpg"],"storeId":"coles","packageSize":"1 pack","cupPrice":"$3.60 per 1Ea","locations":{"VIC":{"price":3.6,"discountRate":40,"promo":"","orgPrice":6}},"categoryIds":["c-health--beauty"],"similarProductIds":[]},{"id":"colgate-plax-ice-fusion-wintermint-mouthwash","name":"Plax Ice Fusion Wintermint Mouthwash","brand":"Colgate","imageUrls":["https://shop.coles.com.au/wcsstore/Coles-CAS/images/3/6/8/3682166.jpg"],"storeId":"coles","packageSize":"500mL","cupPrice":"$0.84 per 100mL","locations":{"VIC":{"price":4.2,"discountRate":40,"promo":"","orgPrice":7}},"categoryIds":["c-health--beauty"],"similarProductIds":[]},{"id":"colgate-cushion-clean-soft-tothbrush-1pk","name":"Cushion Clean Soft Toothbrush 1 Pack","brand":"Colgate","imageUrls":["https://shop.coles.com.au/wcsstore/Coles-CAS/images/3/6/9/3694132.jpg"],"storeId":"coles","packageSize":"1 pack","cupPrice":"$3.60 per 1Ea","locations":{"VIC":{"price":3.6,"discountRate":40,"promo":"","orgPrice":6}},"categoryIds":["c-health--beauty"],"similarProductIds":[]},{"id":"deep-heat-arthritis-cream","name":"Arthritis Cream","brand":"Deep Heat","imageUrls":["https://shop.coles.com.au/wcsstore/Coles-CAS/images/7/4/8/7489995.jpg"],"storeId":"coles","packageSize":"100g","cupPrice":"$4.56 per 100G","locations":{"VIC":{"price":4.56,"discountRate":20,"promo":"","orgPrice":5.699999999999999}},"categoryIds":["c-health--beauty"],"similarProductIds":[]},{"id":"deep-heat-back-patches","name":"Odourless Back Patches Extra Large","brand":"Deep Heat","imageUrls":["https://shop.coles.com.au/wcsstore/Coles-CAS/images/7/4/8/7488121.jpg"],"storeId":"coles","packageSize":"2 pack","cupPrice":"$3.60 per 1Ea","locations":{"VIC":{"price":7.2,"discountRate":20,"promo":"","orgPrice":9}},"categoryIds":["c-health--beauty"],"similarProductIds":[]},{"id":"dencorub-heat-rub-gel-extra-strength","name":"Extra Strength Heat Rub Gel","brand":"Dencorub","imageUrls":["https://shop.coles.com.au/wcsstore/Coles-CAS/images/5/1/6/5160183.jpg"],"storeId":"coles","packageSize":"100g","cupPrice":"$4.80 per 100G","locations":{"VIC":{"price":4.8,"discountRate":20,"promo":"","orgPrice":6}},"categoryIds":["c-health--beauty"],"similarProductIds":[]},{"id":"decorub-heat-patch-pain-relief-8152760p","name":"Self Adhesive Medicated Pain Relieving Heat Patches","brand":"Dencorub","imageUrls":["https://shop.coles.com.au/wcsstore/Coles-CAS/images/8/1/5/8152760.jpg"],"storeId":"coles","packageSize":"3 pack","cupPrice":"$2.67 per 1Ea","locations":{"VIC":{"price":8,"discountRate":20,"promo":"","orgPrice":10}},"categoryIds":["c-health--beauty"],"similarProductIds":[]},{"id":"dermaveen-everyday-moisturising-lotion","name":"Daily Nourish Moisturising Lotion","brand":"DermaVeen","imageUrls":["https://shop.coles.com.au/wcsstore/Coles-CAS/images/1/9/6/1960246.jpg"],"storeId":"coles","packageSize":"500mL","cupPrice":"$2.72 per 100mL","locations":{"VIC":{"price":13.6,"discountRate":0,"promo":"","orgPrice":13.6}},"categoryIds":["c-health--beauty"],"similarProductIds":[]},{"id":"durex-regular-condoms-2862388p","name":"Regular Condoms Original","brand":"Durex","imageUrls":["https://shop.coles.com.au/wcsstore/Coles-CAS/images/2/8/6/2862388.jpg"],"storeId":"coles","packageSize":"10 pack","cupPrice":"$0.55 per 1Ea","locations":{"VIC":{"price":5.52,"discountRate":0,"promo":"","orgPrice":5.52}},"categoryIds":["c-health--beauty"],"similarProductIds":[]},{"id":"durex-pleasure-me-condoms-10-pack","name":"Pleasure Me Condoms","brand":"Durex","imageUrls":["https://shop.coles.com.au/wcsstore/Coles-CAS/images/2/8/6/2861771.jpg"],"storeId":"coles","packageSize":"10 pack","cupPrice":"$0.55 per 1Ea","locations":{"VIC":{"price":5.52,"discountRate":0,"promo":"","orgPrice":5.52}},"categoryIds":["c-health--beauty"],"similarProductIds":[]},{"id":"durex-play-fel-100ml","name":"Play Feel Lubricant","brand":"Durex","imageUrls":["https://shop.coles.com.au/wcsstore/Coles-CAS/images/3/7/3/3734430.jpg"],"storeId":"coles","packageSize":"100mL","cupPrice":"$6.79 per 100mL","locations":{"VIC":{"price":6.79,"discountRate":15,"promo":"","orgPrice":7.99}},"categoryIds":["c-health--beauty"],"similarProductIds":[]},{"id":"durex-strawberry-100ml","name":"Strawberry Lubricant","brand":"Durex","imageUrls":["https://shop.coles.com.au/wcsstore/Coles-CAS/images/3/7/3/3734157.jpg"],"storeId":"coles","packageSize":"100mL","cupPrice":"$6.79 per 100mL","locations":{"VIC":{"price":6.79,"discountRate":15,"promo":"","orgPrice":7.99}},"categoryIds":["c-health--beauty"],"similarProductIds":[]},{"id":"durex-fetherlite-ultra-extra-lube-10-pack","name":"Fetherlite Ultra Extra Lube Condoms","brand":"Durex","imageUrls":["https://shop.coles.com.au/wcsstore/Coles-CAS/images/3/7/3/3734124.jpg"],"storeId":"coles","packageSize":"10 pack","cupPrice":"$0.93 per 1Ea","locations":{"VIC":{"price":9.34,"discountRate":15,"promo":"","orgPrice":10.99}},"categoryIds":["c-health--beauty"],"similarProductIds":[]},{"id":"durex-fetherlite-ultra-10s","name":"Fetherlite Ultra Thin Condoms","brand":"Durex","imageUrls":["https://shop.coles.com.au/wcsstore/Coles-CAS/images/3/7/3/3734102.jpg"],"storeId":"coles","packageSize":"10 pack","cupPrice":"$0.93 per 1Ea","locations":{"VIC":{"price":9.34,"discountRate":15,"promo":"","orgPrice":10.99}},"categoryIds":["c-health--beauty"],"similarProductIds":[]},{"id":"durex-fruity-10-pack","name":"Fruity Fun Flavoured Condoms","brand":"Durex","imageUrls":["https://shop.coles.com.au/wcsstore/Coles-CAS/images/3/7/3/3734146.jpg"],"storeId":"coles","packageSize":"10 pack","cupPrice":"$0.56 per 1Ea","locations":{"VIC":{"price":5.59,"discountRate":20,"promo":"","orgPrice":6.99}},"categoryIds":["c-health--beauty"],"similarProductIds":[]},{"id":"elastoplast-adhesive-dressing-fabric-strips-9584705p","name":"Adhesive Fabric Dressing Strips","brand":"Elastoplast","imageUrls":["https://shop.coles.com.au/wcsstore/Coles-CAS/images/9/5/8/9584705.jpg"],"storeId":"coles","packageSize":"40 pack","cupPrice":"$0.08 per 1Ea","locations":{"VIC":{"price":3.2,"discountRate":20,"promo":"","orgPrice":4}},"categoryIds":["c-health--beauty"],"similarProductIds":[]},{"id":"essano-conditioner-argan","name":"Argan Oil Nourishing Conditioner","brand":"Essano","imageUrls":["https://shop.coles.com.au/wcsstore/Coles-CAS/images/3/4/1/3419014.jpg"],"storeId":"coles","packageSize":"300mL","cupPrice":"$3.73 per 100mL","locations":{"VIC":{"price":11.2,"discountRate":30,"promo":"","orgPrice":16}},"categoryIds":["c-health--beauty"],"similarProductIds":[]},{"id":"essano-shampoo-argan","name":"Argan Oil Nourishing Shampoo","brand":"Essano","imageUrls":["https://shop.coles.com.au/wcsstore/Coles-CAS/images/3/4/1/3418871.jpg"],"storeId":"coles","packageSize":"300mL","cupPrice":"$3.73 per 100mL","locations":{"VIC":{"price":11.2,"discountRate":30,"promo":"","orgPrice":16}},"categoryIds":["c-health--beauty"],"similarProductIds":[]},{"id":"femfresh-feminine-wipes","name":"Feminine Wipes","brand":"Femfresh","imageUrls":["https://shop.coles.com.au/wcsstore/Coles-CAS/images/5/5/6/5569222.jpg"],"storeId":"coles","packageSize":"20 pack","cupPrice":"$0.26 per 1Ea","locations":{"VIC":{"price":5.2,"discountRate":20,"promo":"","orgPrice":6.5}},"categoryIds":["c-health--beauty"],"similarProductIds":[]},{"id":"femfresh-daily-wash","name":"Daily Wash","brand":"Femfresh","imageUrls":["https://shop.coles.com.au/wcsstore/Coles-CAS/images/2/3/7/2375332.jpg"],"storeId":"coles","packageSize":"250mL","cupPrice":"$2.16 per 100mL","locations":{"VIC":{"price":5.4,"discountRate":20,"promo":"","orgPrice":6.75}},"categoryIds":["c-health--beauty"],"similarProductIds":[]},{"id":"femfresh-intimate-care-sensitive-wash","name":"Pure & gentle For Sensitive Skin Intimate Care","brand":"Femfresh","imageUrls":["https://shop.coles.com.au/wcsstore/Coles-CAS/images/3/2/9/3292886.jpg"],"storeId":"coles","packageSize":"250mL","cupPrice":"$2.16 per 100mL","locations":{"VIC":{"price":5.4,"discountRate":20,"promo":"","orgPrice":6.75}},"categoryIds":["c-health--beauty"],"similarProductIds":[]},{"id":"fisiocrem-250g","name":"250g","brand":"Fisiocrem","imageUrls":["https://shop.coles.com.au/wcsstore/ColesResponsiveStorefrontAssetStore/dist/ccfc54aed6e361b650bcf0582f7b576b/img/img_product-placeholder.png"],"storeId":"coles","packageSize":"250g","cupPrice":"$12.60 per 100G","locations":{"VIC":{"price":31.5,"discountRate":10,"promo":"","orgPrice":35}},"categoryIds":["c-health--beauty"],"similarProductIds":[]},{"id":"four-seasons-naked-larger-condoms-12-pack","name":"Naked Larger Condoms","brand":"Four Seasons","imageUrls":["https://shop.coles.com.au/wcsstore/Coles-CAS/images/3/7/3/3733471.jpg"],"storeId":"coles","packageSize":"12 pack","cupPrice":"$0.47 per 1Ea","locations":{"VIC":{"price":5.6,"discountRate":20,"promo":"","orgPrice":7}},"categoryIds":["c-health--beauty"],"similarProductIds":[]},{"id":"garnier-bb-medium-anti-ageing-cream","name":"BB Cream Anti Ageing Medium","brand":"Garnier","imageUrls":["https://shop.coles.com.au/wcsstore/Coles-CAS/images/1/6/8/1685651.jpg"],"storeId":"coles","packageSize":"50mL","cupPrice":"$1.89 per 10mL","locations":{"VIC":{"price":9.45,"discountRate":40,"promo":"","orgPrice":15.75}},"categoryIds":["c-health--beauty"],"similarProductIds":[]},{"id":"garnier-pure-active-3-in-1-chrcoal-wash","name":"Pure Active 3 In 1 Charcoal Wash","brand":"Garnier","imageUrls":["https://shop.coles.com.au/wcsstore/Coles-CAS/images/2/8/5/2859532.jpg"],"storeId":"coles","packageSize":"150mL","cupPrice":"$4.73 per 100mL","locations":{"VIC":{"price":7.1,"discountRate":40,"promo":"","orgPrice":11.899999999999999}},"categoryIds":["c-health--beauty"],"similarProductIds":[]},{"id":"garnier-micellar-cleans-water","name":"Micellar Cleansing Water","brand":"Garnier","imageUrls":["https://shop.coles.com.au/wcsstore/Coles-CAS/images/3/1/5/3152548.jpg"],"storeId":"coles","packageSize":"700mL","cupPrice":"$1.71 per 100mL","locations":{"VIC":{"price":12,"discountRate":40,"promo":"","orgPrice":20}},"categoryIds":["c-health--beauty"],"similarProductIds":[]},{"id":"garnier-fresh-mix-vitamin-c","name":"Skin Active Vitamin C Shot Fresh Mix Tissue Mask","brand":"Garnier","imageUrls":["https://shop.coles.com.au/wcsstore/Coles-CAS/images/3/2/3/3239566.jpg"],"storeId":"coles","packageSize":"33g","cupPrice":"$12.73 per 100G","locations":{"VIC":{"price":4.2,"discountRate":40,"promo":"","orgPrice":7}},"categoryIds":["c-health--beauty"],"similarProductIds":[]},{"id":"head-shoulders-shampoo-cool-menthol","name":"Cool Menthol Shampoo","brand":"Head & Shoulders","imageUrls":["https://shop.coles.com.au/wcsstore/Coles-CAS/images/3/6/1/3610518.jpg"],"storeId":"coles","packageSize":"400mL","cupPrice":"$1.88 per 100mL","locations":{"VIC":{"price":7.5,"discountRate":32,"promo":"","orgPrice":11}},"categoryIds":["c-health--beauty"],"similarProductIds":[]},{"id":"herbal-essences-bio-renew-conditioner-coconut-milk","name":"Bio Renew Coconut Milk Conditioner","brand":"Herbal Essences","imageUrls":["https://shop.coles.com.au/wcsstore/Coles-CAS/images/3/0/0/3004915.jpg"],"storeId":"coles","packageSize":"400mL","cupPrice":"$2.75 per 100mL","locations":{"VIC":{"price":11,"discountRate":27,"promo":"Any 2 $16","orgPrice":11}},"categoryIds":["c-health--beauty"],"similarProductIds":[]},{"id":"herbal-essences-shampoo-hello-hydration-3610573p","name":"Hello Hydration Shampoo","brand":"Herbal Essences","imageUrls":["https://shop.coles.com.au/wcsstore/Coles-CAS/images/3/6/1/3610573.jpg"],"storeId":"coles","packageSize":"700mL","cupPrice":"$1.20 per 100mL","locations":{"VIC":{"price":8.4,"discountRate":30,"promo":"","orgPrice":12}},"categoryIds":["c-health--beauty"],"similarProductIds":[]},{"id":"herbal-essences-condition-hello-hydration","name":"Hello Hydration Revitalisant Conditioner","brand":"Herbal Essences","imageUrls":["https://shop.coles.com.au/wcsstore/Coles-CAS/images/3/6/1/3611179.jpg"],"storeId":"coles","packageSize":"700mL","cupPrice":"$1.20 per 100mL","locations":{"VIC":{"price":8.4,"discountRate":30,"promo":"","orgPrice":12}},"categoryIds":["c-health--beauty"],"similarProductIds":[]},{"id":"herron-blue-ibuprofen-tabsules","name":"Blue Ibuprofen Tabsules","brand":"Herron","imageUrls":["https://shop.coles.com.au/wcsstore/Coles-CAS/images/5/7/8/5786548.jpg"],"storeId":"coles","packageSize":"25 pack","cupPrice":"$0.16 per 1Ea","locations":{"VIC":{"price":4,"discountRate":20,"promo":"","orgPrice":5}},"categoryIds":["c-health--beauty"],"similarProductIds":[]},{"id":"iberogast-solution-50ml","name":"Solution","brand":"Iberogast","imageUrls":["https://shop.coles.com.au/wcsstore/Coles-CAS/images/3/7/3/3733551.jpg"],"storeId":"coles","packageSize":"50mL","cupPrice":"$50.40 per 100mL","locations":{"VIC":{"price":25.2,"discountRate":10,"promo":"","orgPrice":28}},"categoryIds":["c-health--beauty"],"similarProductIds":[]},{"id":"loreal-revitalift-cleansing-wipes","name":"Revitalift Cleansing Wipes","brand":"L'Oreal","imageUrls":["https://shop.coles.com.au/wcsstore/Coles-CAS/images/7/1/8/7186621.jpg"],"storeId":"coles","packageSize":"25 pack","cupPrice":"$0.20 per 1Ea","locations":{"VIC":{"price":5.1,"discountRate":40,"promo":"","orgPrice":8.5}},"categoryIds":["c-health--beauty"],"similarProductIds":[]},{"id":"loreal-men-expert-moisturiser-hydra-energetic","name":"Men Expert Hydra Energetic Moisturiser","brand":"L'Oreal","imageUrls":["https://shop.coles.com.au/wcsstore/Coles-CAS/images/4/6/6/4669028.jpg"],"storeId":"coles","packageSize":"50mL","cupPrice":"$19.20 per 100mL","locations":{"VIC":{"price":9.6,"discountRate":40,"promo":"","orgPrice":16}},"categoryIds":["c-health--beauty"],"similarProductIds":[]},{"id":"loreal-revitalift-serum-laser-renew","name":"Paris Revitalift Laser X3 Anti- Ageing Serum","brand":"L'Oreal","imageUrls":["https://shop.coles.com.au/wcsstore/Coles-CAS/images/1/1/6/1162100.jpg"],"storeId":"coles","packageSize":"30mL","cupPrice":"$100.00 per 100mL","locations":{"VIC":{"price":30,"discountRate":40,"promo":"","orgPrice":50}},"categoryIds":["c-health--beauty"],"similarProductIds":[]},{"id":"loreal-revitalift-laser-renew-eye-cream","name":"Paris Revitalift Laser X3 Eye Cream","brand":"L'Oreal","imageUrls":["https://shop.coles.com.au/wcsstore/Coles-CAS/images/1/1/6/1161843.jpg"],"storeId":"coles","packageSize":"15mL","cupPrice":"$200.01 per 100mL","locations":{"VIC":{"price":30,"discountRate":40,"promo":"","orgPrice":50}},"categoryIds":["c-health--beauty"],"similarProductIds":[]},{"id":"loreal-elvive-oil-extraordinary","name":"Elvive Oil Extraordinary","brand":"L'Oreal","imageUrls":["https://shop.coles.com.au/wcsstore/Coles-CAS/images/9/9/3/9936530.jpg"],"storeId":"coles","packageSize":"100mL","cupPrice":"$12.00 per 100mL","locations":{"VIC":{"price":12,"discountRate":40,"promo":"","orgPrice":20}},"categoryIds":["c-health--beauty"],"similarProductIds":[]},{"id":"loreal-age-perfect-night-cream-mature-skin","name":"Age Perfect Night Cream","brand":"L'Oreal","imageUrls":["https://shop.coles.com.au/wcsstore/Coles-CAS/images/8/8/9/8896655.jpg"],"storeId":"coles","packageSize":"50mL","cupPrice":"$39.40 per 100mL","locations":{"VIC":{"price":19.7,"discountRate":40,"promo":"","orgPrice":32.9}},"categoryIds":["c-health--beauty"],"similarProductIds":[]},{"id":"loreal-age-perfect-day-cream-mature-skin","name":"Age Perfect Day Cream","brand":"L'Oreal","imageUrls":["https://shop.coles.com.au/wcsstore/Coles-CAS/images/8/8/9/8896644.jpg"],"storeId":"coles","packageSize":"50mL","cupPrice":"$39.40 per 100mL","locations":{"VIC":{"price":19.7,"discountRate":40,"promo":"","orgPrice":32.9}},"categoryIds":["c-health--beauty"],"similarProductIds":[]},{"id":"loreal-age-perfect-gold-age-day-cream","name":"Age Perfect Gold Age Day Cream","brand":"L'Oreal","imageUrls":["https://shop.coles.com.au/wcsstore/Coles-CAS/images/2/7/9/2792635.jpg"],"storeId":"coles","packageSize":"50mL","cupPrice":"$44.40 per 100mL","locations":{"VIC":{"price":22.2,"discountRate":40,"promo":"","orgPrice":37}},"categoryIds":["c-health--beauty"],"similarProductIds":[]},{"id":"loreal--pure-clay-detoxifying-mask","name":"Pure Clay Detoxifying Mask","brand":"L'Oreal","imageUrls":["https://shop.coles.com.au/wcsstore/Coles-CAS/images/2/8/5/2857720.jpg"],"storeId":"coles","packageSize":"50mL","cupPrice":"$24.00 per 100mL","locations":{"VIC":{"price":12,"discountRate":40,"promo":"","orgPrice":20}},"categoryIds":["c-health--beauty"],"similarProductIds":[]},{"id":"loreal-pure-clay-detoxifying-gel-wash","name":"Pure Clay Detoxifying Gel Wash","brand":"L'Oreal","imageUrls":["https://shop.coles.com.au/wcsstore/Coles-CAS/images/2/9/5/2959515.jpg"],"storeId":"coles","packageSize":"150mL","cupPrice":"$6.00 per 100mL","locations":{"VIC":{"price":9,"discountRate":40,"promo":"","orgPrice":15}},"categoryIds":["c-health--beauty"],"similarProductIds":[]},{"id":"loreal-elvive-total-repair-conditioner","name":"Total Repair Elvive Conditioner","brand":"L'Oreal","imageUrls":["https://shop.coles.com.au/wcsstore/Coles-CAS/images/3/0/4/3047951.jpg"],"storeId":"coles","packageSize":"325mL","cupPrice":"$1.38 per 100mL","locations":{"VIC":{"price":4.5,"discountRate":44,"promo":"","orgPrice":8}},"categoryIds":["c-health--beauty"],"similarProductIds":[]},{"id":"loreal-elvive-extraordinary-oil-conditioner-3047907p","name":"Elvive Extraordinary Oil Conditioner","brand":"L'Oreal","imageUrls":["https://shop.coles.com.au/wcsstore/Coles-CAS/images/3/0/4/3047907.jpg"],"storeId":"coles","packageSize":"325mL","cupPrice":"$1.38 per 100mL","locations":{"VIC":{"price":4.5,"discountRate":44,"promo":"","orgPrice":8}},"categoryIds":["c-health--beauty"],"similarProductIds":[]},{"id":"loreal-elvive-extraordinary-oil-shampoo-3047827p","name":"Elvive Extraordinary Oil Shampoo","brand":"L'Oreal","imageUrls":["https://shop.coles.com.au/wcsstore/Coles-CAS/images/3/0/4/3047827.jpg"],"storeId":"coles","packageSize":"325mL","cupPrice":"$1.38 per 100mL","locations":{"VIC":{"price":4.5,"discountRate":44,"promo":"","orgPrice":8}},"categoryIds":["c-health--beauty"],"similarProductIds":[]},{"id":"loreal-men-expert-thermic-resist-deodorant","name":"Men Expert Thermic Resist Deodorant","brand":"L'Oreal","imageUrls":["https://shop.coles.com.au/wcsstore/Coles-CAS/images/3/0/4/3049470.jpg"],"storeId":"coles","packageSize":"250mL","cupPrice":"$1.68 per 100mL","locations":{"VIC":{"price":4.2,"discountRate":40,"promo":"","orgPrice":7}},"categoryIds":["c-health--beauty"],"similarProductIds":[]},{"id":"loreal-paris-revitalift-laser-day","name":"Paris Revitalift Laser X3 SPF15 Day Cream","brand":"L'Oreal","imageUrls":["https://shop.coles.com.au/wcsstore/Coles-CAS/images/3/1/4/3149565.jpg"],"storeId":"coles","packageSize":"50mL","cupPrice":"$57.00 per 100mL","locations":{"VIC":{"price":28.5,"discountRate":40,"promo":"","orgPrice":47.5}},"categoryIds":["c-health--beauty"],"similarProductIds":[]},{"id":"loreal-elvive-shampoo-colour-protect-purple","name":"Elvive Colour Protect Purple Shampoo","brand":"L'Oreal","imageUrls":["https://shop.coles.com.au/wcsstore/Coles-CAS/images/3/4/2/3422460.jpg"],"storeId":"coles","packageSize":"200mL","cupPrice":"$2.98 per 100mL","locations":{"VIC":{"price":5.95,"discountRate":40,"promo":"","orgPrice":9.95}},"categoryIds":["c-health--beauty"],"similarProductIds":[]},{"id":"loreal-elvive-mask-colour-protect-purple","name":"Elvive Colour Protect Purple Conditioner","brand":"L'Oreal","imageUrls":["https://shop.coles.com.au/wcsstore/Coles-CAS/images/3/4/2/3422370.jpg"],"storeId":"coles","packageSize":"150mL","cupPrice":"$3.97 per 100mL","locations":{"VIC":{"price":5.95,"discountRate":40,"promo":"","orgPrice":9.95}},"categoryIds":["c-health--beauty"],"similarProductIds":[]},{"id":"loreal-age-perfect-golden-age-rosy-eye","name":"Paris Age Perfect Golden Age Rosy Eye Cream","brand":"L'Oreal","imageUrls":["https://shop.coles.com.au/wcsstore/Coles-CAS/images/3/5/3/3532775.jpg"],"storeId":"coles","packageSize":"15mL","cupPrice":"$160.01 per 100mL","locations":{"VIC":{"price":24,"discountRate":40,"promo":"","orgPrice":40}},"categoryIds":["c-health--beauty"],"similarProductIds":[]},{"id":"loreal-paris-revitalif-filler-%5Bha%5D-radiant-mask","name":"Paris Revitalift Filler Radiant Mask 35g","brand":"L'Oreal","imageUrls":["https://shop.coles.com.au/wcsstore/Coles-CAS/images/3/5/5/3557867.jpg"],"storeId":"coles","packageSize":"1 pack","cupPrice":"$4.80 per 1Ea","locations":{"VIC":{"price":4.8,"discountRate":40,"promo":"","orgPrice":8}},"categoryIds":["c-health--beauty"],"similarProductIds":[]},{"id":"loreal-men-pure-charcoal-scrub","name":"Men Pure Charcoal Anti-Blackhead Face Scrub","brand":"L'Oreal","imageUrls":["https://shop.coles.com.au/wcsstore/Coles-CAS/images/3/5/8/3583834.jpg"],"storeId":"coles","packageSize":"100mL","cupPrice":"$6.00 per 100mL","locations":{"VIC":{"price":6,"discountRate":40,"promo":"","orgPrice":10}},"categoryIds":["c-health--beauty"],"similarProductIds":[]},{"id":"loreal-men-pure-charcoal-cleanser","name":"Men Pure Charcoal Face Wash","brand":"L'Oreal","imageUrls":["https://shop.coles.com.au/wcsstore/Coles-CAS/images/3/5/8/3583652.jpg"],"storeId":"coles","packageSize":"100mL","cupPrice":"$6.00 per 100mL","locations":{"VIC":{"price":6,"discountRate":40,"promo":"","orgPrice":10}},"categoryIds":["c-health--beauty"],"similarProductIds":[]},{"id":"loreal-elvive-conditioner-dream-lengths","name":"Paris Elvive Dream Lengths Detangling Conditioner","brand":"L'Oreal","imageUrls":["https://shop.coles.com.au/wcsstore/Coles-CAS/images/3/6/1/3610460.jpg"],"storeId":"coles","packageSize":"325mL","cupPrice":"$1.38 per 100mL","locations":{"VIC":{"price":4.5,"discountRate":44,"promo":"","orgPrice":8}},"categoryIds":["c-health--beauty"],"similarProductIds":[]},{"id":"loreal-elvive-shampoo-dream-lengths","name":"Paris Elvive Dream Lengths Restoring Shampoo","brand":"L'Oreal","imageUrls":["https://shop.coles.com.au/wcsstore/Coles-CAS/images/3/6/1/3610450.jpg"],"storeId":"coles","packageSize":"325mL","cupPrice":"$1.38 per 100mL","locations":{"VIC":{"price":4.5,"discountRate":44,"promo":"","orgPrice":8}},"categoryIds":["c-health--beauty"],"similarProductIds":[]},{"id":"l-oreal-revitalift-filler-serum","name":"Revitalift Filler Serum","brand":"L'Oreal","imageUrls":["https://shop.coles.com.au/wcsstore/Coles-CAS/images/3/7/2/3728744.jpg"],"storeId":"coles","packageSize":"30mL","cupPrice":"$100.00 per 100mL","locations":{"VIC":{"price":30,"discountRate":40,"promo":"","orgPrice":50}},"categoryIds":["c-health--beauty"],"similarProductIds":[]},{"id":"loreal-elvive-treatment-cream-dream-lengths","name":"Dream Lengths No Hair Cut Leave In Cream","brand":"L'oreal Elvive Treatment","imageUrls":["https://shop.coles.com.au/wcsstore/Coles-CAS/images/3/6/1/3610471.jpg"],"storeId":"coles","packageSize":"200mL","cupPrice":"$3.60 per 100mL","locations":{"VIC":{"price":7.2,"discountRate":40,"promo":"","orgPrice":12}},"categoryIds":["c-health--beauty"],"similarProductIds":[]},{"id":"laxettes-laxatives","name":"Laxatives","brand":"Laxettes","imageUrls":["https://shop.coles.com.au/wcsstore/Coles-CAS/images/9/5/0/9505470.jpg"],"storeId":"coles","packageSize":"24 pack","cupPrice":"$0.16 per 1Ea","locations":{"VIC":{"price":3.75,"discountRate":15,"promo":"","orgPrice":4.4}},"categoryIds":["c-health--beauty"],"similarProductIds":[]},{"id":"libra-pads-extra-super-with-wings","name":"Extra Super with Wings Pads","brand":"Libra","imageUrls":["https://shop.coles.com.au/wcsstore/Coles-CAS/images/6/8/1/6811480.jpg"],"storeId":"coles","packageSize":"12 pack","cupPrice":"$0.24 per 1Ea","locations":{"VIC":{"price":2.9,"discountRate":0,"promo":"","orgPrice":2.9}},"categoryIds":["c-health--beauty"],"similarProductIds":[]},{"id":"libra-liners-long","name":"Long Liners","brand":"Libra","imageUrls":["https://shop.coles.com.au/wcsstore/Coles-CAS/images/5/2/2/5225074.jpg"],"storeId":"coles","packageSize":"39 pack","cupPrice":"$0.07 per 1Ea","locations":{"VIC":{"price":2.92,"discountRate":0,"promo":"","orgPrice":2.92}},"categoryIds":["c-health--beauty"],"similarProductIds":[]},{"id":"libra-breathable-liners-purse-pack","name":"Breathable Liners With Anti-Bunching Purse Pack","brand":"Libra","imageUrls":["https://shop.coles.com.au/wcsstore/Coles-CAS/images/4/5/3/4537005.jpg"],"storeId":"coles","packageSize":"28 pack","cupPrice":"$0.08 per 1Ea","locations":{"VIC":{"price":2.16,"discountRate":0,"promo":"","orgPrice":2.16}},"categoryIds":["c-health--beauty"],"similarProductIds":[]},{"id":"libra-extra-regular-pads","name":"Extra Regular Pads","brand":"Libra","imageUrls":["https://shop.coles.com.au/wcsstore/Coles-CAS/images/2/6/8/2686004.jpg"],"storeId":"coles","packageSize":"14 pack","cupPrice":"$0.21 per 1Ea","locations":{"VIC":{"price":2.9,"discountRate":0,"promo":"","orgPrice":2.9}},"categoryIds":["c-health--beauty"],"similarProductIds":[]},{"id":"libra-flexi-thin-2in1-panty-liners","name":"2 In 1 Double liners","brand":"Libra","imageUrls":["https://shop.coles.com.au/wcsstore/Coles-CAS/images/2/8/7/2875754.jpg"],"storeId":"coles","packageSize":"20 pack","cupPrice":"$0.11 per 1Ea","locations":{"VIC":{"price":2.16,"discountRate":0,"promo":"","orgPrice":2.16}},"categoryIds":["c-health--beauty"],"similarProductIds":[]},{"id":"libra-invisible-sport-regular-pads","name":"Invisible Sport Regular Pads","brand":"Libra","imageUrls":["https://shop.coles.com.au/wcsstore/Coles-CAS/images/3/0/3/3036070.jpg"],"storeId":"coles","packageSize":"12 pack","cupPrice":"$0.24 per 1Ea","locations":{"VIC":{"price":2.9,"discountRate":37,"promo":"","orgPrice":4.6}},"categoryIds":["c-health--beauty"],"similarProductIds":[]},{"id":"libra-girl-regular-tampons","name":"Girl Regular Tampons","brand":"Libra","imageUrls":["https://shop.coles.com.au/wcsstore/Coles-CAS/images/3/5/1/3512064.jpg"],"storeId":"coles","packageSize":"16 pack","cupPrice":"$0.18 per 1Ea","locations":{"VIC":{"price":2.88,"discountRate":20,"promo":"","orgPrice":3.5999999999999996}},"categoryIds":["c-health--beauty"],"similarProductIds":[]},{"id":"libra-girl-super-tampons","name":"Girl Super Tampons Smaller Size","brand":"Libra","imageUrls":["https://shop.coles.com.au/wcsstore/Coles-CAS/images/3/5/1/3512086.jpg"],"storeId":"coles","packageSize":"16 pack","cupPrice":"$0.18 per 1Ea","locations":{"VIC":{"price":2.88,"discountRate":20,"promo":"","orgPrice":3.5999999999999996}},"categoryIds":["c-health--beauty"],"similarProductIds":[]},{"id":"libra-godnight-extra","name":"Goodnight Extra","brand":"Libra","imageUrls":["https://shop.coles.com.au/wcsstore/Coles-CAS/images/3/7/6/3760281.jpg"],"storeId":"coles","packageSize":"6 PACK","cupPrice":"","locations":{"VIC":{"price":2.9,"discountRate":31,"promo":"","orgPrice":4.2}},"categoryIds":["c-health--beauty"],"similarProductIds":[]},{"id":"lifestyles-regular-condoms","name":"Regular Condoms","brand":"Lifestyles","imageUrls":["https://shop.coles.com.au/wcsstore/Coles-CAS/images/3/4/3/3434299.jpg"],"storeId":"coles","packageSize":"10 pack","cupPrice":"$0.58 per 1Ea","locations":{"VIC":{"price":5.8,"discountRate":11,"promo":"","orgPrice":6.5}},"categoryIds":["c-health--beauty"],"similarProductIds":[]},{"id":"lights-by-tena-single-wrap-liners","name":"Single Wrap Liners","brand":"Lights By Tena","imageUrls":["https://shop.coles.com.au/wcsstore/Coles-CAS/images/3/2/9/3293324.jpg"],"storeId":"coles","packageSize":"22 pack","cupPrice":"$0.14 per 1Ea","locations":{"VIC":{"price":3,"discountRate":30,"promo":"","orgPrice":4.3}},"categoryIds":["c-health--beauty"],"similarProductIds":[]},{"id":"lights-by-tena-lng-liners-20pack-tena-lights","name":"Everyday Long Liners","brand":"Lights By Tena","imageUrls":["https://shop.coles.com.au/wcsstore/Coles-CAS/images/1/5/1/1519540.jpg"],"storeId":"coles","packageSize":"20 pack","cupPrice":"$0.15 per 1Ea","locations":{"VIC":{"price":3,"discountRate":30,"promo":"","orgPrice":4.3}},"categoryIds":["c-health--beauty"],"similarProductIds":[]},{"id":"listerine-mouthwash-zero-8079999p","name":"Zero Mouthwash","brand":"Listerine","imageUrls":["https://shop.coles.com.au/wcsstore/Coles-CAS/images/8/0/7/8079999.jpg"],"storeId":"coles","packageSize":"1L","cupPrice":"$0.92 per 100mL","locations":{"VIC":{"price":9.2,"discountRate":20,"promo":"","orgPrice":11.5}},"categoryIds":["c-health--beauty"],"similarProductIds":[]},{"id":"marzena-sensitive-hair-remover-lotion","name":"Sensitive Hair Remover Lotion","brand":"Marzena","imageUrls":["https://shop.coles.com.au/wcsstore/Coles-CAS/images/7/2/5/7255338.jpg"],"storeId":"coles","packageSize":"170g","cupPrice":"$4.00 per 100G","locations":{"VIC":{"price":6.8,"discountRate":0,"promo":"","orgPrice":6.8}},"categoryIds":["c-health--beauty"],"similarProductIds":[]},{"id":"maui-conditioner-shea-butter","name":"Shea Butter Conditioner","brand":"Maui","imageUrls":["https://shop.coles.com.au/wcsstore/Coles-CAS/images/3/4/2/3422813.jpg"],"storeId":"coles","packageSize":"385mL","cupPrice":"$3.38 per 100mL","locations":{"VIC":{"price":13,"discountRate":41,"promo":"","orgPrice":22}},"categoryIds":["c-health--beauty"],"similarProductIds":[]},{"id":"mitchum-anti-perspirant-deodorant-roll-on-unscented","name":"Men's Roll On Unscented Antiperspirant Deodorant","brand":"Mitchum","imageUrls":["https://shop.coles.com.au/wcsstore/Coles-CAS/images/6/4/5/64513.jpg"],"storeId":"coles","packageSize":"50mL","cupPrice":"$5.32 per 100mL","locations":{"VIC":{"price":2.66,"discountRate":30,"promo":"","orgPrice":3.8}},"categoryIds":["c-health--beauty"],"similarProductIds":[]},{"id":"mitchum-clinical-powder-fresh-deodorant","name":"Clinical Antiperspirant Deodorant 48 Hour Powder Fresh For Women","brand":"Mitchum","imageUrls":["https://shop.coles.com.au/wcsstore/Coles-CAS/images/1/7/2/1726420.jpg"],"storeId":"coles","packageSize":"45g","cupPrice":"$17.78 per 100G","locations":{"VIC":{"price":8,"discountRate":20,"promo":"","orgPrice":10}},"categoryIds":["c-health--beauty"],"similarProductIds":[]},{"id":"mitchum-clinical-sport-control-deodorant","name":"Clinical Antiperspirant Deodorant 8 Hour Sport For Men","brand":"Mitchum","imageUrls":["https://shop.coles.com.au/wcsstore/Coles-CAS/images/1/7/2/1725814.jpg"],"storeId":"coles","packageSize":"45g","cupPrice":"$17.78 per 100G","locations":{"VIC":{"price":8,"discountRate":20,"promo":"","orgPrice":10}},"categoryIds":["c-health--beauty"],"similarProductIds":[]},{"id":"mitchum-womens-powder-fresh-clinical-gel-deodorant","name":"Clinical Gel 48 Hour Powder Fresh Antiperspirant Deodorant For Women","brand":"Mitchum","imageUrls":["https://shop.coles.com.au/wcsstore/Coles-CAS/images/2/6/7/2671142.jpg"],"storeId":"coles","packageSize":"57g","cupPrice":"$14.04 per 100G","locations":{"VIC":{"price":8,"discountRate":20,"promo":"","orgPrice":10}},"categoryIds":["c-health--beauty"],"similarProductIds":[]},{"id":"nicabate-chewing-gum-2mg-3x10","name":"Chewing Gum 2mg 3x10","brand":"Nicabate","imageUrls":["https://shop.coles.com.au/wcsstore/Coles-CAS/images/3/7/3/3733620.jpg"],"storeId":"coles","packageSize":"30 pack","cupPrice":"$0.33 per 1Ea","locations":{"VIC":{"price":10,"discountRate":23,"promo":"","orgPrice":13}},"categoryIds":["c-health--beauty"],"similarProductIds":[]},{"id":"nicabate-chewing-gum-4mg-3x10","name":"Chewing Gum 4mg 3x10","brand":"Nicabate","imageUrls":["https://shop.coles.com.au/wcsstore/Coles-CAS/images/3/7/3/3733610.jpg"],"storeId":"coles","packageSize":"30 pack","cupPrice":"$0.33 per 1Ea","locations":{"VIC":{"price":10,"discountRate":23,"promo":"","orgPrice":13}},"categoryIds":["c-health--beauty"],"similarProductIds":[]},{"id":"nicorette-icy-mint-gum-4mg-3627918p","name":"Icy Mint Gum 4mg","brand":"Nicorette","imageUrls":["https://shop.coles.com.au/wcsstore/Coles-CAS/images/3/6/2/3627918.jpg"],"storeId":"coles","packageSize":"25 pack","cupPrice":"$0.48 per 1Ea","locations":{"VIC":{"price":12,"discountRate":20,"promo":"","orgPrice":15}},"categoryIds":["c-health--beauty"],"similarProductIds":[]},{"id":"nicorette-icy-mint-gum-3627907p","name":"Icy Mint Gum 2mg","brand":"Nicorette","imageUrls":["https://shop.coles.com.au/wcsstore/Coles-CAS/images/3/6/2/3627907.jpg"],"storeId":"coles","packageSize":"25 pack","cupPrice":"$0.48 per 1Ea","locations":{"VIC":{"price":12,"discountRate":20,"promo":"","orgPrice":15}},"categoryIds":["c-health--beauty"],"similarProductIds":[]},{"id":"nivea-body-lotion-q10-firming","name":"Firming Body Lotion Moisturiser + Q10 & Vitamin C","brand":"Nivea","imageUrls":["https://shop.coles.com.au/wcsstore/Coles-CAS/images/7/2/0/7200019.jpg"],"storeId":"coles","packageSize":"400mL","cupPrice":"$1.31 per 100mL","locations":{"VIC":{"price":5.25,"discountRate":50,"promo":"","orgPrice":10.5}},"categoryIds":["c-health--beauty"],"similarProductIds":[]},{"id":"nivea-visage-refreshing-toner","name":"Refreshing Facial Toner + Vitamin E","brand":"Nivea","imageUrls":["https://shop.coles.com.au/wcsstore/Coles-CAS/images/5/7/2/5722760.jpg"],"storeId":"coles","packageSize":"200mL","cupPrice":"$3.50 per 100mL","locations":{"VIC":{"price":7,"discountRate":30,"promo":"","orgPrice":10}},"categoryIds":["c-health--beauty"],"similarProductIds":[]},{"id":"nivea-visage-young-clean-deeper-wash-n-refine-cleanser","name":"Clean Deeper Daily Fash Wash Scrub + Magnolia Extract","brand":"Nivea","imageUrls":["https://shop.coles.com.au/wcsstore/Coles-CAS/images/4/9/3/4932382.jpg"],"storeId":"coles","packageSize":"150mL","cupPrice":"$4.27 per 100mL","locations":{"VIC":{"price":6.4,"discountRate":30,"promo":"","orgPrice":9.2}},"categoryIds":["c-health--beauty"],"similarProductIds":[]},{"id":"nivea-deodorant-aerosol-mens-sensitive-protect","name":"Men Sensitive Protect Aerosol Antiperspirant Deodorant","brand":"Nivea","imageUrls":["https://shop.coles.com.au/wcsstore/Coles-CAS/images/1/1/8/1184612.jpg"],"storeId":"coles","packageSize":"250mL","cupPrice":"$1.82 per 100mL","locations":{"VIC":{"price":4.55,"discountRate":30,"promo":"","orgPrice":6.5}},"categoryIds":["c-health--beauty"],"similarProductIds":[]},{"id":"nivea-visage-daily-essentials-cleansing-gel","name":"Face Wash Gel Cleanser + Vitamin E","brand":"Nivea","imageUrls":["https://shop.coles.com.au/wcsstore/Coles-CAS/images/9/8/7/9874240.jpg"],"storeId":"coles","packageSize":"150mL","cupPrice":"$4.83 per 100mL","locations":{"VIC":{"price":7.25,"discountRate":30,"promo":"","orgPrice":10.4}},"categoryIds":["c-health--beauty"],"similarProductIds":[]},{"id":"nivea-visage-daily-essentials-exfoliating-scrub","name":"Gentle Exfoliating Facial Scrub + Vitamin E","brand":"Nivea","imageUrls":["https://shop.coles.com.au/wcsstore/Coles-CAS/images/9/8/7/9873870.jpg"],"storeId":"coles","packageSize":"150mL","cupPrice":"$4.73 per 100mL","locations":{"VIC":{"price":7.1,"discountRate":30,"promo":"","orgPrice":10.2}},"categoryIds":["c-health--beauty"],"similarProductIds":[]},{"id":"nivea-cellular-antiage-day-cream-spf15","name":"Cellular Anti Age Day Cream Face Moisturiser SPF15 for Mature Skin","brand":"Nivea","imageUrls":["https://shop.coles.com.au/wcsstore/Coles-CAS/images/2/2/0/2207270.jpg"],"storeId":"coles","packageSize":"50mL","cupPrice":"$39.20 per 100mL","locations":{"VIC":{"price":19.6,"discountRate":30,"promo":"","orgPrice":28}},"categoryIds":["c-health--beauty"],"similarProductIds":[]},{"id":"nivea-cellular-antiage-night-cream","name":"Cellular Anti-Wrinkle Night Cream Face Moisturiser + Hyaluronic Acid & Collagen","brand":"Nivea","imageUrls":["https://shop.coles.com.au/wcsstore/Coles-CAS/images/2/2/0/2207280.jpg"],"storeId":"coles","packageSize":"50mL","cupPrice":"$39.20 per 100mL","locations":{"VIC":{"price":19.6,"discountRate":30,"promo":"","orgPrice":28}},"categoryIds":["c-health--beauty"],"similarProductIds":[]},{"id":"nivea-q10-plus-antiwrinkle-energy-cream-spf-15","name":"Q10 Anti-Wrinkle Day Cream Face Moisturiser + Vitamin C and SPF15","brand":"Nivea","imageUrls":["https://shop.coles.com.au/wcsstore/Coles-CAS/images/2/2/0/2207269.jpg"],"storeId":"coles","packageSize":"50mL","cupPrice":"$28.50 per 100mL","locations":{"VIC":{"price":14.25,"discountRate":30,"promo":"","orgPrice":20.4}},"categoryIds":["c-health--beauty"],"similarProductIds":[]},{"id":"nivea-men-for-men-cream-face-body-hands","name":"Men All Purpose Cream Moisturiser for Face Body & Hands","brand":"Nivea","imageUrls":["https://shop.coles.com.au/wcsstore/Coles-CAS/images/2/2/7/2274233.jpg"],"storeId":"coles","packageSize":"150mL","cupPrice":"$3.73 per 100mL","locations":{"VIC":{"price":5.6,"discountRate":30,"promo":"","orgPrice":8}},"categoryIds":["c-health--beauty"],"similarProductIds":[]},{"id":"nivea-daily-essentials-sensitive-micellar-water","name":"MicellAIR Micellar Water for Sensitive Skin","brand":"Nivea","imageUrls":["https://shop.coles.com.au/wcsstore/Coles-CAS/images/3/0/0/3007662.jpg"],"storeId":"coles","packageSize":"400mL","cupPrice":"$2.10 per 100mL","locations":{"VIC":{"price":8.4,"discountRate":30,"promo":"","orgPrice":12}},"categoryIds":["c-health--beauty"],"similarProductIds":[]},{"id":"nivea-men-protect-care-exfoliating-face-scrub","name":"Men Exfoliating Face Scrub + Aloe Vera","brand":"Nivea","imageUrls":["https://shop.coles.com.au/wcsstore/Coles-CAS/images/3/1/2/3127471.jpg"],"storeId":"coles","packageSize":"125mL","cupPrice":"$6.72 per 100mL","locations":{"VIC":{"price":8.4,"discountRate":30,"promo":"","orgPrice":12}},"categoryIds":["c-health--beauty"],"similarProductIds":[]},{"id":"nivea-q10-plus-eye-cream-anti-wrinkle-15ml","name":"Q10 Power Anti-Wrinkle Firming Eye Cream Moisturiser","brand":"Nivea","imageUrls":["https://shop.coles.com.au/wcsstore/Coles-CAS/images/3/4/1/3419240.jpg"],"storeId":"coles","packageSize":"15mL","cupPrice":"$102.67 per 100mL","locations":{"VIC":{"price":15.4,"discountRate":30,"promo":"","orgPrice":22}},"categoryIds":["c-health--beauty"],"similarProductIds":[]},{"id":"nivea-q10-plus-day-cream-anti-wrinkle-50ml","name":"Q10 Power Anti-Wrinkle Firming Day Cream Face Moisturiser + SPF30","brand":"Nivea","imageUrls":["https://shop.coles.com.au/wcsstore/Coles-CAS/images/3/4/1/3419207.jpg"],"storeId":"coles","packageSize":"50mL","cupPrice":"$30.80 per 100mL","locations":{"VIC":{"price":15.4,"discountRate":30,"promo":"","orgPrice":22}},"categoryIds":["c-health--beauty"],"similarProductIds":[]},{"id":"nivea-q10-plus-night-cream-anti-wrinkle-50ml","name":"Q10 Power Anti-Wrinkle Firming Night Cream Face Moisturiser","brand":"Nivea","imageUrls":["https://shop.coles.com.au/wcsstore/Coles-CAS/images/3/4/1/3419320.jpg"],"storeId":"coles","packageSize":"50mL","cupPrice":"$30.80 per 100mL","locations":{"VIC":{"price":15.4,"discountRate":30,"promo":"","orgPrice":22}},"categoryIds":["c-health--beauty"],"similarProductIds":[]},{"id":"nivea-creme-bar-soap","name":"Crème Soft Moisturising Family Soap Bar Twin Pack 2x100g","brand":"Nivea","imageUrls":["https://shop.coles.com.au/wcsstore/Coles-CAS/images/7/6/0/7601610.jpg"],"storeId":"coles","packageSize":"200g","cupPrice":"$1.26 per 100G","locations":{"VIC":{"price":2.52,"discountRate":30,"promo":"","orgPrice":3.6}},"categoryIds":["c-health--beauty"],"similarProductIds":[]},{"id":"nivea-shower-clay-fresh-blue-agave-lavendar","name":"Clay Fresh Blue Agave & Lavender Shower Gel & Body Wash","brand":"Nivea","imageUrls":["https://shop.coles.com.au/wcsstore/Coles-CAS/images/3/5/1/3515380.jpg"],"storeId":"coles","packageSize":"250mL","cupPrice":"$1.57 per 100mL","locations":{"VIC":{"price":3.92,"discountRate":30,"promo":"","orgPrice":5.6}},"categoryIds":["c-health--beauty"],"similarProductIds":[]},{"id":"nivea-shower-clay-fresh-ginger-basil-250ml","name":"Clay Fresh Ginger & Basil Shower Gel & Body Wash","brand":"Nivea","imageUrls":["https://shop.coles.com.au/wcsstore/Coles-CAS/images/3/5/1/3515368.jpg"],"storeId":"coles","packageSize":"250mL","cupPrice":"$1.57 per 100mL","locations":{"VIC":{"price":3.92,"discountRate":30,"promo":"","orgPrice":5.6}},"categoryIds":["c-health--beauty"],"similarProductIds":[]},{"id":"nivea-shower-clay-fresh-hibiscus-white-sage","name":"Clay Fresh Hibiscus & White Sage Shower Gel & Body Wash","brand":"Nivea","imageUrls":["https://shop.coles.com.au/wcsstore/Coles-CAS/images/3/5/1/3515390.jpg"],"storeId":"coles","packageSize":"250mL","cupPrice":"$1.57 per 100mL","locations":{"VIC":{"price":3.92,"discountRate":30,"promo":"","orgPrice":5.6}},"categoryIds":["c-health--beauty"],"similarProductIds":[]},{"id":"nivea-lemongrass-shower-oil","name":"Lemongrass & Oil Shower Gel & Body Wash","brand":"Nivea","imageUrls":["https://shop.coles.com.au/wcsstore/Coles-CAS/images/3/5/1/3515619.jpg"],"storeId":"coles","packageSize":"500mL","cupPrice":"$1.12 per 100mL","locations":{"VIC":{"price":5.6,"discountRate":30,"promo":"","orgPrice":8}},"categoryIds":["c-health--beauty"],"similarProductIds":[]},{"id":"nivea-rich-moisture-shower-gel","name":"Aloe Vera Moisture Fresh Shower Gel & Body Wash","brand":"Nivea","imageUrls":["https://shop.coles.com.au/wcsstore/Coles-CAS/images/3/5/1/3517374.jpg"],"storeId":"coles","packageSize":"1L","cupPrice":"$0.69 per 100mL","locations":{"VIC":{"price":6.85,"discountRate":50,"promo":"","orgPrice":13.7}},"categoryIds":["c-health--beauty"],"similarProductIds":[]},{"id":"nivea-body-lotion-aloe-vera","name":"Hydrating Body Lotion Moisturiser + Aloe Vera","brand":"Nivea","imageUrls":["https://shop.coles.com.au/wcsstore/Coles-CAS/images/3/7/2/3727140.jpg"],"storeId":"coles","packageSize":"400mL","cupPrice":"$1.00 per 100mL","locations":{"VIC":{"price":4,"discountRate":50,"promo":"","orgPrice":8}},"categoryIds":["c-health--beauty"],"similarProductIds":[]},{"id":"nurofen-children-7-100mg-orange-chewable-capsules-2818615p","name":"For Children 7and Pain and Fever Relief Chewable Tablets 100mg Ibuprofen Orange","brand":"Nurofen","imageUrls":["https://shop.coles.com.au/wcsstore/Coles-CAS/images/2/8/1/2818615.jpg"],"storeId":"coles","packageSize":"24 pack","cupPrice":"$0.60 per 1Ea","locations":{"VIC":{"price":14.4,"discountRate":20,"promo":"","orgPrice":18}},"categoryIds":["c-health--beauty"],"similarProductIds":[]},{"id":"oil-garden-slep-oil-12ml","name":"Sleep Oil","brand":"Oil Garden","imageUrls":["https://shop.coles.com.au/wcsstore/Coles-CAS/images/3/7/4/3740954.jpg"],"storeId":"coles","packageSize":"12mL","cupPrice":"$99.17 per 100mL","locations":{"VIC":{"price":11.9,"discountRate":30,"promo":"","orgPrice":17}},"categoryIds":["c-health--beauty"],"similarProductIds":[]},{"id":"oil-garden-stress-oil-12ml","name":"Stress Oil","brand":"Oil Garden","imageUrls":["https://shop.coles.com.au/wcsstore/Coles-CAS/images/3/7/4/3740921.jpg"],"storeId":"coles","packageSize":"12mL","cupPrice":"$99.17 per 100mL","locations":{"VIC":{"price":11.9,"discountRate":30,"promo":"","orgPrice":17}},"categoryIds":["c-health--beauty"],"similarProductIds":[]},{"id":"organic-care-conditioner-normal-balance-conditioner","name":"Normal Balance Conditioner","brand":"Organic Care","imageUrls":["https://shop.coles.com.au/wcsstore/Coles-CAS/images/2/6/7/2679122.jpg"],"storeId":"coles","packageSize":"725mL","cupPrice":"$0.55 per 100mL","locations":{"VIC":{"price":4,"discountRate":33,"promo":"","orgPrice":6}},"categoryIds":["c-health--beauty"],"similarProductIds":[]},{"id":"original-source-shower-gel-lime","name":"Lime Shower Gel","brand":"Original Source","imageUrls":["https://shop.coles.com.au/wcsstore/Coles-CAS/images/7/6/7/7678761.jpg"],"storeId":"coles","packageSize":"250mL","cupPrice":"$0.80 per 100mL","locations":{"VIC":{"price":2,"discountRate":50,"promo":"","orgPrice":4}},"categoryIds":["c-health--beauty"],"similarProductIds":[]},{"id":"original-source-shower-gel-mint-tea-tree","name":"Tingly Mint & Tea Tree Shower Gel","brand":"Original Source","imageUrls":["https://shop.coles.com.au/wcsstore/Coles-CAS/images/7/6/7/7678728.jpg"],"storeId":"coles","packageSize":"250mL","cupPrice":"$0.80 per 100mL","locations":{"VIC":{"price":2,"discountRate":50,"promo":"","orgPrice":4}},"categoryIds":["c-health--beauty"],"similarProductIds":[]},{"id":"original-source-shower-gel-pink-grapefruit","name":"Coconut & Shea Butter Shower Gel","brand":"Original Source","imageUrls":["https://shop.coles.com.au/wcsstore/Coles-CAS/images/2/2/7/2274550.jpg"],"storeId":"coles","packageSize":"250mL","cupPrice":"$0.80 per 100mL","locations":{"VIC":{"price":2,"discountRate":50,"promo":"","orgPrice":4}},"categoryIds":["c-health--beauty"],"similarProductIds":[]},{"id":"palmers-bodywash-cocoa-butter-moisturising","name":"Cocoa Butter Moisturising Body Wash","brand":"Palmer's","imageUrls":["https://shop.coles.com.au/wcsstore/Coles-CAS/images/7/1/8/7181810.jpg"],"storeId":"coles","packageSize":"400mL","cupPrice":"$1.00 per 100mL","locations":{"VIC":{"price":3.99,"discountRate":0,"promo":"","orgPrice":3.99}},"categoryIds":["c-health--beauty"],"similarProductIds":[]},{"id":"palmolive-naturals-conditioner-intensive-moisture-5889755p","name":"Naturals Intensive Moisture Conditioner","brand":"Palmolive","imageUrls":["https://shop.coles.com.au/wcsstore/Coles-CAS/images/5/8/8/5889755.jpg"],"storeId":"coles","packageSize":"350ml","cupPrice":"$0.77 per 100mL","locations":{"VIC":{"price":2.7,"discountRate":0,"promo":"","orgPrice":2.7}},"categoryIds":["c-health--beauty"],"similarProductIds":[]},{"id":"palmolive-naturals-intensive-moisture-shampoo","name":"Naturals Intensive Moisture Shampoo","brand":"Palmolive","imageUrls":["https://shop.coles.com.au/wcsstore/Coles-CAS/images/5/8/8/5889777.jpg"],"storeId":"coles","packageSize":"350ml","cupPrice":"$0.77 per 100mL","locations":{"VIC":{"price":2.7,"discountRate":0,"promo":"","orgPrice":2.7}},"categoryIds":["c-health--beauty"],"similarProductIds":[]},{"id":"palmolive-soap-naturals-chamomile","name":"Naturals Balanced & Mild With Chamomile Extracts","brand":"Palmolive","imageUrls":["https://shop.coles.com.au/wcsstore/Coles-CAS/images/5/9/2/5928766.jpg"],"storeId":"coles","packageSize":"4 pack","cupPrice":"$0.79 per 100G","locations":{"VIC":{"price":2.85,"discountRate":12,"promo":"Any 2 $5","orgPrice":2.85}},"categoryIds":["c-health--beauty"],"similarProductIds":[]},{"id":"palmolive-naturals-active-nourishment-shampoo-4708710p","name":"Naturals Active Nourishment Shampoo","brand":"Palmolive","imageUrls":["https://shop.coles.com.au/wcsstore/Coles-CAS/images/4/7/0/4708710.jpg"],"storeId":"coles","packageSize":"350ml","cupPrice":"$0.77 per 100mL","locations":{"VIC":{"price":2.7,"discountRate":0,"promo":"","orgPrice":2.7}},"categoryIds":["c-health--beauty"],"similarProductIds":[]},{"id":"palmolive-naturals-conditioner-active-nourishment","name":"Naturals Active Nourishment Conditioner","brand":"Palmolive","imageUrls":["https://shop.coles.com.au/wcsstore/Coles-CAS/images/4/7/0/4708888.jpg"],"storeId":"coles","packageSize":"350mL","cupPrice":"$0.77 per 100mL","locations":{"VIC":{"price":2.7,"discountRate":0,"promo":"","orgPrice":2.7}},"categoryIds":["c-health--beauty"],"similarProductIds":[]},{"id":"palmolive-naturals-shower-gel-milk-shea-butter","name":"Shea Butter Shower Gel","brand":"Palmolive","imageUrls":["https://shop.coles.com.au/wcsstore/Coles-CAS/images/5/1/1/5113809.jpg"],"storeId":"coles","packageSize":"500mL","cupPrice":"$0.60 per 100mL","locations":{"VIC":{"price":3,"discountRate":44,"promo":"","orgPrice":5.4}},"categoryIds":["c-health--beauty"],"similarProductIds":[]},{"id":"palmolive-naturals-shower-gel-milk-honey-9071960p","name":"Milk & Honey Shower Gel","brand":"Palmolive","imageUrls":["https://shop.coles.com.au/wcsstore/Coles-CAS/images/9/0/7/9071960.jpg"],"storeId":"coles","packageSize":"500mL","cupPrice":"$0.60 per 100mL","locations":{"VIC":{"price":3,"discountRate":44,"promo":"","orgPrice":5.4}},"categoryIds":["c-health--beauty"],"similarProductIds":[]},{"id":"palmolive-naturals-refreshing-shower-gel","name":"Naturals Refreshing Shower Gel","brand":"Palmolive","imageUrls":["https://shop.coles.com.au/wcsstore/Coles-CAS/images/2/2/7/2274845.jpg"],"storeId":"coles","packageSize":"500mL","cupPrice":"$0.60 per 100mL","locations":{"VIC":{"price":3,"discountRate":44,"promo":"","orgPrice":5.4}},"categoryIds":["c-health--beauty"],"similarProductIds":[]},{"id":"palmolive-luminous-oil-shampoo-argan-oil","name":"Luminous Oil Moroccan Argan Oil & Camellia Shampoo","brand":"Palmolive","imageUrls":["https://shop.coles.com.au/wcsstore/Coles-CAS/images/3/4/1/3413685.jpg"],"storeId":"coles","packageSize":"350mL","cupPrice":"$0.86 per 100mL","locations":{"VIC":{"price":3,"discountRate":40,"promo":"","orgPrice":5}},"categoryIds":["c-health--beauty"],"similarProductIds":[]},{"id":"palmolive-luminous-oil-conditioner-argan-oil","name":"Luminous Moroccan Argan & Camellia oil Conditioner","brand":"Palmolive","imageUrls":["https://shop.coles.com.au/wcsstore/Coles-CAS/images/3/4/1/3413710.jpg"],"storeId":"coles","packageSize":"350mL","cupPrice":"$0.86 per 100mL","locations":{"VIC":{"price":3,"discountRate":40,"promo":"","orgPrice":5}},"categoryIds":["c-health--beauty"],"similarProductIds":[]},{"id":"palmolive-shower-gel-butter-shea-almond-oil","name":"Body Butter Shea & Almond Oil Moisturising Body Wash","brand":"Palmolive","imageUrls":["https://shop.coles.com.au/wcsstore/Coles-CAS/images/3/5/0/3509886.jpg"],"storeId":"coles","packageSize":"400mL","cupPrice":"$1.00 per 100mL","locations":{"VIC":{"price":4,"discountRate":11,"promo":"","orgPrice":4.5}},"categoryIds":["c-health--beauty"],"similarProductIds":[]},{"id":"palmolive-naturals-shower-gel-argan-oil","name":"Naturals Moroccan Argan Oil Conditioning Body Wash","brand":"Palmolive","imageUrls":["https://shop.coles.com.au/wcsstore/Coles-CAS/images/3/5/0/3509693.jpg"],"storeId":"coles","packageSize":"500mL","cupPrice":"$0.60 per 100mL","locations":{"VIC":{"price":3,"discountRate":44,"promo":"","orgPrice":5.4}},"categoryIds":["c-health--beauty"],"similarProductIds":[]},{"id":"palmolive-luminous-oils-s-g-macadamia-oil-w-peony","name":"Luminous Oils Shower Gel","brand":"Palmolive","imageUrls":["https://shop.coles.com.au/wcsstore/Coles-CAS/images/3/5/0/3509376.jpg"],"storeId":"coles","packageSize":"400mL","cupPrice":"$1.13 per 100mL","locations":{"VIC":{"price":4.5,"discountRate":25,"promo":"","orgPrice":6}},"categoryIds":["c-health--beauty"],"similarProductIds":[]},{"id":"palmolive-luminous-oils-sg-cocnut-oil-w-frangpani","name":"Luminous Oils Coconut Oil With Frangipani Body Wash","brand":"Palmolive","imageUrls":["https://shop.coles.com.au/wcsstore/Coles-CAS/images/3/5/0/3509365.jpg"],"storeId":"coles","packageSize":"400mL","cupPrice":"$1.13 per 100mL","locations":{"VIC":{"price":4.5,"discountRate":25,"promo":"","orgPrice":6}},"categoryIds":["c-health--beauty"],"similarProductIds":[]},{"id":"quit-nits-head-lice-foam","name":"Kills Head+Body Lice Foam","brand":"Quit Nits","imageUrls":["https://shop.coles.com.au/wcsstore/Coles-CAS/images/3/1/5/3155003.jpg"],"storeId":"coles","packageSize":"125mL","cupPrice":"$5.76 per 100mL","locations":{"VIC":{"price":7.2,"discountRate":20,"promo":"","orgPrice":9}},"categoryIds":["c-health--beauty"],"similarProductIds":[]},{"id":"redwin-vitamin-e-cream","name":"Vitamin E Cream","brand":"Redwin","imageUrls":["https://shop.coles.com.au/wcsstore/Coles-CAS/images/5/4/9/5492580.jpg"],"storeId":"coles","packageSize":"300g","cupPrice":"$1.05 per 100G","locations":{"VIC":{"price":3.15,"discountRate":26,"promo":"","orgPrice":4.25}},"categoryIds":["c-health--beauty"],"similarProductIds":[]},{"id":"renu-value-pack","name":"Multi-Purpose Solution Value Pack","brand":"Renu","imageUrls":["https://shop.coles.com.au/wcsstore/Coles-CAS/images/8/6/8/8685580.jpg"],"storeId":"coles","packageSize":"830mL","cupPrice":"$2.02 per 100mL","locations":{"VIC":{"price":16.8,"discountRate":20,"promo":"","orgPrice":21}},"categoryIds":["c-health--beauty"],"similarProductIds":[]},{"id":"rosken-repair-lotion","name":"Intensive Moisture Hand Cream","brand":"Rosken","imageUrls":["https://shop.coles.com.au/wcsstore/Coles-CAS/images/7/2/1/7211081.jpg"],"storeId":"coles","packageSize":"75mL","cupPrice":"$4.00 per 100mL","locations":{"VIC":{"price":3,"discountRate":25,"promo":"","orgPrice":4}},"categoryIds":["c-health--beauty"],"similarProductIds":[]},{"id":"ansell-skyn-elite-condoms","name":"Elite Condoms","brand":"SKYN","imageUrls":["https://shop.coles.com.au/wcsstore/Coles-CAS/images/2/8/6/2867938.jpg"],"storeId":"coles","packageSize":"10 Pack","cupPrice":"$0.90 per 1Ea","locations":{"VIC":{"price":9,"discountRate":10,"promo":"","orgPrice":10}},"categoryIds":["c-health--beauty"],"similarProductIds":[]},{"id":"salvital-drink-effervescent-powder-lemon","name":"Lemon Effervescent Powder","brand":"Salvital","imageUrls":["https://shop.coles.com.au/wcsstore/Coles-CAS/images/1/6/7/167323.jpg"],"storeId":"coles","packageSize":"375g","cupPrice":"$1.60 per 100G","locations":{"VIC":{"price":6,"discountRate":20,"promo":"","orgPrice":7.5}},"categoryIds":["c-health--beauty"],"similarProductIds":[]},{"id":"schick-hydro-shave-gel-sensitive","name":"Hydro Sensitive Shave Gel","brand":"Schick","imageUrls":["https://shop.coles.com.au/wcsstore/Coles-CAS/images/8/0/3/8037208.jpg"],"storeId":"coles","packageSize":"236g","cupPrice":"$2.03 per 100G","locations":{"VIC":{"price":4.8,"discountRate":20,"promo":"","orgPrice":6}},"categoryIds":["c-health--beauty"],"similarProductIds":[]},{"id":"schick-intuition-razor-kit-aloe","name":"Intuition Pure Nourishment Coconut Milk Razor Kit","brand":"Schick","imageUrls":["https://shop.coles.com.au/wcsstore/Coles-CAS/images/7/6/7/7679152.jpg"],"storeId":"coles","packageSize":"1 pack","cupPrice":"$6.40 per 1Ea","locations":{"VIC":{"price":6.4,"discountRate":50,"promo":"","orgPrice":12.8}},"categoryIds":["c-health--beauty"],"similarProductIds":[]},{"id":"schick-quattro-razor-kit-for-women","name":"Quattro For Women Razor Kit","brand":"Schick","imageUrls":["https://shop.coles.com.au/wcsstore/Coles-CAS/images/4/7/0/4703716.jpg"],"storeId":"coles","packageSize":"","cupPrice":"$4.00 per 1Ea","locations":{"VIC":{"price":4,"discountRate":0,"promo":"","orgPrice":4}},"categoryIds":["c-health--beauty"],"similarProductIds":[]},{"id":"schick-xtreme-3-razor-disposable-sensitive-with-aloe-value-pack","name":"Xtreme 3 Sensitive Disposable Razor with Aloe","brand":"Schick","imageUrls":["https://shop.coles.com.au/wcsstore/Coles-CAS/images/4/7/0/4702021.jpg"],"storeId":"coles","packageSize":"10 pack","cupPrice":"$0.76 per 1Ea","locations":{"VIC":{"price":7.6,"discountRate":20,"promo":"","orgPrice":9.5}},"categoryIds":["c-health--beauty"],"similarProductIds":[]},{"id":"schick-hydro-silk-blade-refill","name":"Hydro Silk Blade Refill","brand":"Schick","imageUrls":["https://shop.coles.com.au/wcsstore/Coles-CAS/images/9/8/5/9851700.jpg"],"storeId":"coles","packageSize":"4 pack","cupPrice":"$4.00 per 1Ea","locations":{"VIC":{"price":16,"discountRate":20,"promo":"","orgPrice":20}},"categoryIds":["c-health--beauty"],"similarProductIds":[]},{"id":"schick-intuition-plus-razor-cartridges-sensitive-care-with-aloe-vitamin-e","name":"Intuition Moisture Plus Sensitive Care with Aloe & Vitamin E Razor Cartridges","brand":"Schick","imageUrls":["https://shop.coles.com.au/wcsstore/Coles-CAS/images/9/6/0/9603297.jpg"],"storeId":"coles","packageSize":"3 pack","cupPrice":"$3.47 per 1Ea","locations":{"VIC":{"price":10.4,"discountRate":20,"promo":"","orgPrice":13}},"categoryIds":["c-health--beauty"],"similarProductIds":[]},{"id":"schick-hydro-silk-razor-blade-kit","name":"Hydro Silk Razor & Blade Kit","brand":"Schick","imageUrls":["https://shop.coles.com.au/wcsstore/Coles-CAS/images/9/8/4/9849763.jpg"],"storeId":"coles","packageSize":"1 pack","cupPrice":"$7.30 per 1Ea","locations":{"VIC":{"price":7.3,"discountRate":50,"promo":"","orgPrice":14.6}},"categoryIds":["c-health--beauty"],"similarProductIds":[]},{"id":"schick--hydro-5-razor","name":"Hydro 5 Razor Kit","brand":"Schick","imageUrls":["https://shop.coles.com.au/wcsstore/Coles-CAS/images/2/6/2/2629690.jpg"],"storeId":"coles","packageSize":"1 pack","cupPrice":"$6.50 per 1Ea","locations":{"VIC":{"price":6.5,"discountRate":50,"promo":"","orgPrice":13}},"categoryIds":["c-health--beauty"],"similarProductIds":[]},{"id":"schick-hydro-sense-5-energise","name":"Sense Hydro 5 Sensitive Cartridges","brand":"Schick","imageUrls":["https://shop.coles.com.au/wcsstore/Coles-CAS/images/3/1/4/3140866.jpg"],"storeId":"coles","packageSize":"4 Pack","cupPrice":"$4.80 per 1Ea","locations":{"VIC":{"price":19.2,"discountRate":20,"promo":"","orgPrice":24}},"categoryIds":["c-health--beauty"],"similarProductIds":[]},{"id":"schick-hydro-5-sense-comfort-kit","name":"Sense Hydro 5 Sensitive Kit","brand":"Schick","imageUrls":["https://shop.coles.com.au/wcsstore/Coles-CAS/images/3/1/4/3140855.jpg"],"storeId":"coles","packageSize":"1 pack","cupPrice":"$8.00 per 1Ea","locations":{"VIC":{"price":8,"discountRate":50,"promo":"","orgPrice":16}},"categoryIds":["c-health--beauty"],"similarProductIds":[]},{"id":"schick-hydro-silk-trimstyle-kit-5refills","name":"Hydro Silk Trimstyle Kit + 5 Refills","brand":"Schick","imageUrls":["https://shop.coles.com.au/wcsstore/Coles-CAS/images/3/3/6/3365764.jpg"],"storeId":"coles","packageSize":"1 kit","cupPrice":"$20.00 per 1Ea","locations":{"VIC":{"price":20,"discountRate":50,"promo":"","orgPrice":40}},"categoryIds":["c-health--beauty"],"similarProductIds":[]},{"id":"schick-xtreme-3-hawaiian-tropic-disposable-razors","name":"Xtreme 3 Hawaiian Tropic Disposable Razors","brand":"Schick","imageUrls":["https://shop.coles.com.au/wcsstore/Coles-CAS/images/3/5/8/3582412.jpg"],"storeId":"coles","packageSize":"8 pack","cupPrice":"$0.90 per 1Ea","locations":{"VIC":{"price":7.2,"discountRate":20,"promo":"","orgPrice":9}},"categoryIds":["c-health--beauty"],"similarProductIds":[]},{"id":"schwarzkopf-taft-gel-styling-super-hold","name":"Taft Super Hold Styling Girl Gel","brand":"Schwarzkopf","imageUrls":["https://shop.coles.com.au/wcsstore/Coles-CAS/images/5/9/4/59499.jpg"],"storeId":"coles","packageSize":"250g","cupPrice":"$1.28 per 100G","locations":{"VIC":{"price":3.2,"discountRate":20,"promo":"","orgPrice":4}},"categoryIds":["c-health--beauty"],"similarProductIds":[]},{"id":"schwarzkopf-taft-mousse-curl-defining","name":"Taft Curl Defining Mousse","brand":"Schwarzkopf","imageUrls":["https://shop.coles.com.au/wcsstore/Coles-CAS/images/5/4/6/5469385.jpg"],"storeId":"coles","packageSize":"200g","cupPrice":"$1.75 per 100G","locations":{"VIC":{"price":3.5,"discountRate":20,"promo":"","orgPrice":4.4}},"categoryIds":["c-health--beauty"],"similarProductIds":[]},{"id":"schwarzkopf-taft-hairspray-strong-hold","name":"Taft Strong Hold Hair Spray","brand":"Schwarzkopf","imageUrls":["https://shop.coles.com.au/wcsstore/Coles-CAS/images/5/1/7/5171736.jpg"],"storeId":"coles","packageSize":"200g","cupPrice":"$1.78 per 100G","locations":{"VIC":{"price":3.55,"discountRate":20,"promo":"","orgPrice":4.45}},"categoryIds":["c-health--beauty"],"similarProductIds":[]},{"id":"schwarzkopf-extra-care-hairspray-strong-hold","name":"Extra Care Strong Hold Hair Spray","brand":"Schwarzkopf","imageUrls":["https://shop.coles.com.au/wcsstore/Coles-CAS/images/3/6/6/366160.jpg"],"storeId":"coles","packageSize":"400g","cupPrice":"$1.80 per 100G","locations":{"VIC":{"price":7.2,"discountRate":20,"promo":"","orgPrice":9}},"categoryIds":["c-health--beauty"],"similarProductIds":[]},{"id":"schwarzkopf-extra-care-hair-lacquer-super-hold-5086896p","name":"Extra Care Super Hold Hair Lacquer","brand":"Schwarzkopf","imageUrls":["https://shop.coles.com.au/wcsstore/Coles-CAS/images/5/0/8/5086896.jpg"],"storeId":"coles","packageSize":"400g","cupPrice":"$1.80 per 100G","locations":{"VIC":{"price":7.2,"discountRate":20,"promo":"","orgPrice":9}},"categoryIds":["c-health--beauty"],"similarProductIds":[]},{"id":"shockwaves-hairplay-gel-extreme-hold","name":"Extreme Free Style HairGel","brand":"Shockwaves","imageUrls":["https://shop.coles.com.au/wcsstore/Coles-CAS/images/7/5/3/7536891.jpg"],"storeId":"coles","packageSize":"250mL","cupPrice":"$1.60 per 100G","locations":{"VIC":{"price":4,"discountRate":20,"promo":"","orgPrice":5}},"categoryIds":["c-health--beauty"],"similarProductIds":[]},{"id":"skyn-get-fresh-wipes-30pk","name":"Get Fresh Wipes","brand":"Skyn","imageUrls":["https://shop.coles.com.au/wcsstore/Coles-CAS/images/3/7/3/3734292.jpg"],"storeId":"coles","packageSize":"30 pack","cupPrice":"$0.20 per 1Ea","locations":{"VIC":{"price":6,"discountRate":25,"promo":"","orgPrice":8}},"categoryIds":["c-health--beauty"],"similarProductIds":[]},{"id":"steradent-active-plus-denture-cleansing-tablets","name":"Denture Cleansing Tablets Active Plus","brand":"Steradent","imageUrls":["https://shop.coles.com.au/wcsstore/Coles-CAS/images/2/0/8/208781.jpg"],"storeId":"coles","packageSize":"48 pack","cupPrice":"$0.18 per 1Ea","locations":{"VIC":{"price":8.5,"discountRate":32,"promo":"2 for $11.50","orgPrice":8.5}},"categoryIds":["c-health--beauty"],"similarProductIds":[]},{"id":"stop-itch-first-aid-cream","name":"First Aid Cream","brand":"Stop Itch","imageUrls":["https://shop.coles.com.au/wcsstore/Coles-CAS/images/9/2/0/9203721.jpg"],"storeId":"coles","packageSize":"50g","cupPrice":"$11.20 per 100G","locations":{"VIC":{"price":5.6,"discountRate":20,"promo":"","orgPrice":7}},"categoryIds":["c-health--beauty"],"similarProductIds":[]},{"id":"sunsilk-shampoo-addictive-brilliant-shine","name":"Addictive Brilliant Shine Shampoo","brand":"Sunsilk","imageUrls":["https://shop.coles.com.au/wcsstore/Coles-CAS/images/7/5/4/7549576.jpg"],"storeId":"coles","packageSize":"700mL","cupPrice":"$0.71 per 100mL","locations":{"VIC":{"price":5,"discountRate":50,"promo":"","orgPrice":10}},"categoryIds":["c-health--beauty"],"similarProductIds":[]},{"id":"sunsilk-shampoo-addictive-brilliant-shine-7547898p","name":"Addictive Brilliant Shine Shampoo","brand":"Sunsilk","imageUrls":["https://shop.coles.com.au/wcsstore/Coles-CAS/images/7/5/4/7547898.jpg"],"storeId":"coles","packageSize":"350mL","cupPrice":"$0.79 per 100mL","locations":{"VIC":{"price":2.75,"discountRate":50,"promo":"","orgPrice":5.5}},"categoryIds":["c-health--beauty"],"similarProductIds":[]},{"id":"sunsilk-conditioner-adictive-brilliant-shine","name":"Addictive Brilliant Shine Conditioner","brand":"Sunsilk","imageUrls":["https://shop.coles.com.au/wcsstore/Coles-CAS/images/7/5/4/7548959.jpg"],"storeId":"coles","packageSize":"350mL","cupPrice":"$0.79 per 100mL","locations":{"VIC":{"price":2.75,"discountRate":50,"promo":"","orgPrice":5.5}},"categoryIds":["c-health--beauty"],"similarProductIds":[]},{"id":"sunsilk-conditioner-addictive-brilliant-shine","name":"Addictive Brilliant Shine Conditioner","brand":"Sunsilk","imageUrls":["https://shop.coles.com.au/wcsstore/Coles-CAS/images/7/5/4/7549951.jpg"],"storeId":"coles","packageSize":"700mL","cupPrice":"$0.71 per 100mL","locations":{"VIC":{"price":5,"discountRate":50,"promo":"","orgPrice":10}},"categoryIds":["c-health--beauty"],"similarProductIds":[]},{"id":"sunsilk-conditioner-longer-stronger","name":"Longer & Stronger Conditioner","brand":"Sunsilk","imageUrls":["https://shop.coles.com.au/wcsstore/Coles-CAS/images/9/9/7/9971870.jpg"],"storeId":"coles","packageSize":"700mL","cupPrice":"$0.71 per 100mL","locations":{"VIC":{"price":5,"discountRate":50,"promo":"","orgPrice":10}},"categoryIds":["c-health--beauty"],"similarProductIds":[]},{"id":"sunsilk-shampoo-longer-stronger-9972045p","name":"Longer & Stronger Shampoo","brand":"Sunsilk","imageUrls":["https://shop.coles.com.au/wcsstore/Coles-CAS/images/9/9/7/9972045.jpg"],"storeId":"coles","packageSize":"700mL","cupPrice":"$0.71 per 100mL","locations":{"VIC":{"price":5,"discountRate":50,"promo":"","orgPrice":10}},"categoryIds":["c-health--beauty"],"similarProductIds":[]},{"id":"sunsilk-soft-smooth-shampoo","name":"Soft & Smooth Shampoo","brand":"Sunsilk","imageUrls":["https://shop.coles.com.au/wcsstore/Coles-CAS/images/2/6/7/2672190.jpg"],"storeId":"coles","packageSize":"350mL","cupPrice":"$0.79 per 100mL","locations":{"VIC":{"price":2.75,"discountRate":50,"promo":"","orgPrice":5.5}},"categoryIds":["c-health--beauty"],"similarProductIds":[]},{"id":"sunsilk-conditioner-soft-smooth-conditioner","name":"Soft & Smooth Conditioner","brand":"Sunsilk","imageUrls":["https://shop.coles.com.au/wcsstore/Coles-CAS/images/2/6/7/2671867.jpg"],"storeId":"coles","packageSize":"350mL","cupPrice":"$0.79 per 100mL","locations":{"VIC":{"price":2.75,"discountRate":50,"promo":"","orgPrice":5.5}},"categoryIds":["c-health--beauty"],"similarProductIds":[]},{"id":"tena-pants-for-women-large","name":"Large Pants for Women","brand":"Tena","imageUrls":["https://shop.coles.com.au/wcsstore/Coles-CAS/images/9/8/8/9886635.jpg"],"storeId":"coles","packageSize":"8 pack","cupPrice":"$1.09 per 1Ea","locations":{"VIC":{"price":8.75,"discountRate":0,"promo":"","orgPrice":8.75}},"categoryIds":["c-health--beauty"],"similarProductIds":[]},{"id":"tena-lady-pads-mini-plus","name":"Lady Mini Plus Pads","brand":"Tena","imageUrls":["https://shop.coles.com.au/wcsstore/Coles-CAS/images/9/6/2/9622098.jpg"],"storeId":"coles","packageSize":"16 pack","cupPrice":"$0.23 per 1Ea","locations":{"VIC":{"price":3.67,"discountRate":0,"promo":"","orgPrice":3.67}},"categoryIds":["c-health--beauty"],"similarProductIds":[]},{"id":"tena-pants-for-men-large-level-4","name":"Large Pants for Men Level 4","brand":"Tena","imageUrls":["https://shop.coles.com.au/wcsstore/Coles-CAS/images/9/8/8/9886577.jpg"],"storeId":"coles","packageSize":"8 pack","cupPrice":"$1.18 per 1Ea","locations":{"VIC":{"price":9.45,"discountRate":0,"promo":"","orgPrice":9.45}},"categoryIds":["c-health--beauty"],"similarProductIds":[]},{"id":"tena-incontinence-liners","name":"Incontinence Liners","brand":"Tena","imageUrls":["https://shop.coles.com.au/wcsstore/Coles-CAS/images/8/5/4/8545388.jpg"],"storeId":"coles","packageSize":"30 pack","cupPrice":"$3.50 per 1Ea","locations":{"VIC":{"price":3.5,"discountRate":0,"promo":"","orgPrice":3.5}},"categoryIds":["c-health--beauty"],"similarProductIds":[]},{"id":"tena-lady-pads-normal","name":"Lady Normal Pads","brand":"Tena","imageUrls":["https://shop.coles.com.au/wcsstore/Coles-CAS/images/5/7/9/5796360.jpg"],"storeId":"coles","packageSize":"12 pack","cupPrice":"$0.31 per 1Ea","locations":{"VIC":{"price":3.67,"discountRate":0,"promo":"","orgPrice":3.67}},"categoryIds":["c-health--beauty"],"similarProductIds":[]},{"id":"tena-maxi-with-insta-dry-pads","name":"Maxi With Insta Dry Pads","brand":"Tena","imageUrls":["https://shop.coles.com.au/wcsstore/Coles-CAS/images/1/7/2/1723127.jpg"],"storeId":"coles","packageSize":"6 pack","cupPrice":"$0.61 per 1Ea","locations":{"VIC":{"price":3.67,"discountRate":0,"promo":"","orgPrice":3.67}},"categoryIds":["c-health--beauty"],"similarProductIds":[]},{"id":"tena-discreet-standard-ultra-thin-pads","name":"Discreet Standard Length Ultra Thin 12 Pads","brand":"Tena","imageUrls":["https://shop.coles.com.au/wcsstore/Coles-CAS/images/3/5/1/3512166.jpg"],"storeId":"coles","packageSize":"1 Pack","cupPrice":"$3.50 per 1Ea","locations":{"VIC":{"price":3.5,"discountRate":30,"promo":"","orgPrice":5}},"categoryIds":["c-health--beauty"],"similarProductIds":[]},{"id":"tena-discreet-super-incontinence-pants-large","name":"Discreet Crème High Waist Underwear Large","brand":"Tena","imageUrls":["https://shop.coles.com.au/wcsstore/Coles-CAS/images/3/5/1/3512155.jpg"],"storeId":"coles","packageSize":"8 pack","cupPrice":"$1.49 per 1Ea","locations":{"VIC":{"price":11.9,"discountRate":30,"promo":"","orgPrice":17}},"categoryIds":["c-health--beauty"],"similarProductIds":[]},{"id":"tena-discreet-super-incontinence-pants-medium","name":"Discreet Creme High Waist Underwear Medium","brand":"Tena","imageUrls":["https://shop.coles.com.au/wcsstore/Coles-CAS/images/3/5/1/3512100.jpg"],"storeId":"coles","packageSize":"9 pack","cupPrice":"$1.32 per 1Ea","locations":{"VIC":{"price":11.9,"discountRate":30,"promo":"","orgPrice":17}},"categoryIds":["c-health--beauty"],"similarProductIds":[]},{"id":"tena-ultimate-coverage-ultra-long-liners","name":"Ultimate Coverage Ultra Long Liners","brand":"Tena","imageUrls":["https://shop.coles.com.au/wcsstore/Coles-CAS/images/3/5/1/3513384.jpg"],"storeId":"coles","packageSize":"22 pack","cupPrice":"$0.16 per 1Ea","locations":{"VIC":{"price":3.5,"discountRate":30,"promo":"","orgPrice":5}},"categoryIds":["c-health--beauty"],"similarProductIds":[]},{"id":"tiger-balm-balm-extra-strength-red","name":"Extra Strength Red Balm","brand":"Tiger Balm","imageUrls":["https://shop.coles.com.au/wcsstore/Coles-CAS/images/5/4/0/5400298.jpg"],"storeId":"coles","packageSize":"18g","cupPrice":"$36.67 per 100G","locations":{"VIC":{"price":6.6,"discountRate":20,"promo":"","orgPrice":8.299999999999999}},"categoryIds":["c-health--beauty"],"similarProductIds":[]},{"id":"ural-sugar-free-effervescent-powder","name":"Sugar Free 20 Effervescent Powder Sachets","brand":"Ural","imageUrls":["https://shop.coles.com.au/wcsstore/Coles-CAS/images/2/6/9/2697973.jpg"],"storeId":"coles","packageSize":"1 pack","cupPrice":"$7.00 per 1Ea","locations":{"VIC":{"price":7,"discountRate":13,"promo":"","orgPrice":8}},"categoryIds":["c-health--beauty"],"similarProductIds":[]},{"id":"veet-in-shower-hair-removal-cream-sensitive","name":"In Shower Sensitive Hair Removal Cream","brand":"Veet","imageUrls":["https://shop.coles.com.au/wcsstore/Coles-CAS/images/8/9/4/8944805.jpg"],"storeId":"coles","packageSize":"150g","cupPrice":"$9.33 per 100G","locations":{"VIC":{"price":14,"discountRate":29,"promo":"2 for $20","orgPrice":14}},"categoryIds":["c-health--beauty"],"similarProductIds":[]},{"id":"veet-spray-on-hair-removal-cream-sensitive","name":"Sensitive Spray On Hair Removal Cream Aloe Vera & Vitamin E","brand":"Veet","imageUrls":["https://shop.coles.com.au/wcsstore/Coles-CAS/images/7/1/2/7126029.jpg"],"storeId":"coles","packageSize":"150g","cupPrice":"$10.00 per 100G","locations":{"VIC":{"price":15,"discountRate":33,"promo":"2 for $20","orgPrice":15}},"categoryIds":["c-health--beauty"],"similarProductIds":[]},{"id":"veet-hair-removal-cream-sensitive","name":"Sensitive Hair Removal Cream","brand":"Veet","imageUrls":["https://shop.coles.com.au/wcsstore/Coles-CAS/images/7/3/3/7330648.jpg"],"storeId":"coles","packageSize":"400mL","cupPrice":"$5.25 per 100mL","locations":{"VIC":{"price":21,"discountRate":29,"promo":"2 for $30","orgPrice":21}},"categoryIds":["c-health--beauty"],"similarProductIds":[]},{"id":"white-glo-diamond-series-whitening-system","name":"Diamond Series Whitening System","brand":"White Glo","imageUrls":["https://shop.coles.com.au/wcsstore/Coles-CAS/images/2/6/2/2620695.jpg"],"storeId":"coles","packageSize":"1 pack","cupPrice":"$18.00 per 1Ea","locations":{"VIC":{"price":18,"discountRate":10,"promo":"","orgPrice":20}},"categoryIds":["c-health--beauty"],"similarProductIds":[]},{"id":"white-glo-deep-stain-remover-activated-charcoal-whitening-toothpaste","name":"Deep Stain Remover Activated Charcoal Whitening Toothpaste","brand":"White Glo","imageUrls":["https://shop.coles.com.au/wcsstore/Coles-CAS/images/2/8/6/2868646.jpg"],"storeId":"coles","packageSize":"150g","cupPrice":"$3.60 per 100G","locations":{"VIC":{"price":5.4,"discountRate":10,"promo":"","orgPrice":6}},"categoryIds":["c-health--beauty"],"similarProductIds":[]},{"id":"white-glo-white-accel-blue-light-whitening-sys","name":"White Accelerator Blue Light Teeth Whitening System","brand":"White Glo","imageUrls":["https://shop.coles.com.au/wcsstore/Coles-CAS/images/3/1/2/3128689.jpg"],"storeId":"coles","packageSize":"1 pack","cupPrice":"$31.50 per 1Ea","locations":{"VIC":{"price":31.5,"discountRate":10,"promo":"","orgPrice":35}},"categoryIds":["c-health--beauty"],"similarProductIds":[]},{"id":"white-glo-total-mouth-detox-charcoal-toothpaste","name":"Charcoal Total Mouth Detox Toothpaste","brand":"White Glo","imageUrls":["https://shop.coles.com.au/wcsstore/Coles-CAS/images/3/1/2/3128667.jpg"],"storeId":"coles","packageSize":"150g","cupPrice":"$3.60 per 100G","locations":{"VIC":{"price":5.4,"discountRate":10,"promo":"","orgPrice":6}},"categoryIds":["c-health--beauty"],"similarProductIds":[]},{"id":"white-glo-accelerator-refill-gel","name":"Accelerator Refill Gel","brand":"White Glo","imageUrls":["https://shop.coles.com.au/wcsstore/Coles-CAS/images/3/7/4/3749052.jpg"],"storeId":"coles","packageSize":"1 pack","cupPrice":"$13.50 per 1Ea","locations":{"VIC":{"price":13.5,"discountRate":10,"promo":"","orgPrice":15}},"categoryIds":["c-health--beauty"],"similarProductIds":[]},{"id":"nestle-infant-formula-nan-pro-3","name":"NAN Optipro Stage 3 Formula","brand":"Nestle","imageUrls":["https://shop.coles.com.au/wcsstore/Coles-CAS/images/9/8/7/9871026.jpg"],"storeId":"coles","packageSize":"800g","cupPrice":"$1.69 per 100G","locations":{"VIC":{"price":13.5,"discountRate":21,"promo":"","orgPrice":17}},"categoryIds":["c-baby"],"similarProductIds":[]},{"id":"nestle-cerelac-infant-nutrition-pear","name":"Cerelac Infant Nutrition Pear","brand":"Nestle","imageUrls":["https://shop.coles.com.au/wcsstore/Coles-CAS/images/8/6/7/8674529.jpg"],"storeId":"coles","packageSize":"200g","cupPrice":"$1.83 per 100G","locations":{"VIC":{"price":3.65,"discountRate":21,"promo":"","orgPrice":4.6}},"categoryIds":["c-baby"],"similarProductIds":[]},{"id":"baby-mum-mum-rice-rusks-vegetable","name":"Vegetable Rice 18 Rusks 8+ Months","brand":"Baby Mum-Mum","imageUrls":["https://shop.coles.com.au/wcsstore/Coles-CAS/images/8/9/5/8953861.jpg"],"storeId":"coles","packageSize":"36g","cupPrice":"$8.33 per 100G","locations":{"VIC":{"price":3,"discountRate":25,"promo":"Any 4 $9","orgPrice":3}},"categoryIds":["c-baby"],"similarProductIds":[]},{"id":"baby-love-nappy-pants-junior-15-25kg","name":"Unisex Stretchy Junior Nappy Pants 15-25 Kg Size 6","brand":"Babylove","imageUrls":["https://shop.coles.com.au/wcsstore/Coles-CAS/images/7/2/6/7268680.jpg"],"storeId":"coles","packageSize":"22 pack","cupPrice":"$0.45 per 1Ea","locations":{"VIC":{"price":10,"discountRate":41,"promo":"","orgPrice":17}},"categoryIds":["c-baby"],"similarProductIds":[]},{"id":"huggies-pyjama-pants-dry-nites-girl-4-7-years","name":"Dry Nites Pyjama Pants For Girls 4-7 Years","brand":"Huggies","imageUrls":["https://shop.coles.com.au/wcsstore/Coles-CAS/images/5/0/1/5016824.jpg"],"storeId":"coles","packageSize":"10 pack","cupPrice":"$1.00 per 1Ea","locations":{"VIC":{"price":10,"discountRate":17,"promo":"","orgPrice":12}},"categoryIds":["c-baby"],"similarProductIds":[]},{"id":"kiddylicious-veggie-straws","name":"Veggie Straws","brand":"Kiddylicious","imageUrls":["https://shop.coles.com.au/wcsstore/Coles-CAS/images/2/8/0/2803200.jpg"],"storeId":"coles","packageSize":"12g","cupPrice":"$11.67 per 100G","locations":{"VIC":{"price":1.4,"discountRate":22,"promo":"","orgPrice":1.7999999999999998}},"categoryIds":["c-baby"],"similarProductIds":[]},{"id":"cub-4m-organic-pouch-apple-pear-cinnamon","name":"Organic Apple Pear & Cinnamon Pouch 4+ Months","brand":"CUB","imageUrls":["https://shop.coles.com.au/wcsstore/Coles-CAS/images/3/4/1/3419546.jpg"],"storeId":"coles","packageSize":"120g","cupPrice":"$1.25 per 100G","locations":{"VIC":{"price":1.5,"discountRate":7,"promo":"Any 5 $7","orgPrice":1.5}},"categoryIds":["c-baby"],"similarProductIds":[]},{"id":"tooshies-by-tom-organic-fragrance-free-baby-wipes","name":"Organic Hypoallergenic Fragrance Free 280 Baby Wipes 4x70 pack","brand":"Tooshies By Tom","imageUrls":["https://shop.coles.com.au/wcsstore/Coles-CAS/images/3/1/8/3185263.jpg"],"storeId":"coles","packageSize":"4 Pack","cupPrice":"$3.71 per 1Ea","locations":{"VIC":{"price":14.85,"discountRate":10,"promo":"","orgPrice":16.5}},"categoryIds":["c-baby"],"similarProductIds":[]},{"id":"cub-6m-organic-pouch-chicken-rice-veggies","name":"Organic Chicken Rice & Veggies Pouch","brand":"Cub","imageUrls":["https://shop.coles.com.au/wcsstore/Coles-CAS/images/3/4/3/3430888.jpg"],"storeId":"coles","packageSize":"120g","cupPrice":"$1.25 per 100G","locations":{"VIC":{"price":1.5,"discountRate":7,"promo":"Any 5 $7","orgPrice":1.5}},"categoryIds":["c-baby"],"similarProductIds":[]},{"id":"baby-mum-mum-rice-rusks-banana","name":"Banana Flavoured Rice 18 Rusks 12+ Months","brand":"Baby Mum-Mum","imageUrls":["https://shop.coles.com.au/wcsstore/Coles-CAS/images/8/9/5/8953850.jpg"],"storeId":"coles","packageSize":"36g","cupPrice":"$8.33 per 100G","locations":{"VIC":{"price":3,"discountRate":25,"promo":"Any 4 $9","orgPrice":3}},"categoryIds":["c-baby"],"similarProductIds":[]},{"id":"babylove-cosifit-bulk-nappies-toddler","name":"Unisex Cosifit Toddler Nappy 9-14 Kg Size 4","brand":"Babylove","imageUrls":["https://shop.coles.com.au/wcsstore/Coles-CAS/images/3/5/9/3595786.jpg"],"storeId":"coles","packageSize":"34 pack","cupPrice":"$0.35 per 1Ea","locations":{"VIC":{"price":12,"discountRate":14,"promo":"","orgPrice":14}},"categoryIds":["c-baby"],"similarProductIds":[]},{"id":"babylove-cosifit-bulk-nappies-walker","name":"Unisex Cosifit Walker Nappy 12-17 Kg Size 5","brand":"Babylove","imageUrls":["https://shop.coles.com.au/wcsstore/Coles-CAS/images/3/5/9/3595651.jpg"],"storeId":"coles","packageSize":"28 pack","cupPrice":"$0.43 per 1Ea","locations":{"VIC":{"price":12,"discountRate":14,"promo":"","orgPrice":14}},"categoryIds":["c-baby"],"similarProductIds":[]},{"id":"cub-4m-organic-pouch-pear-apple-banana","name":"Organic Pear Apple & Banana Pouch","brand":"Cub","imageUrls":["https://shop.coles.com.au/wcsstore/Coles-CAS/images/3/4/2/3427930.jpg"],"storeId":"coles","packageSize":"120g","cupPrice":"$1.25 per 100G","locations":{"VIC":{"price":1.5,"discountRate":7,"promo":"Any 5 $7","orgPrice":1.5}},"categoryIds":["c-baby"],"similarProductIds":[]},{"id":"cub-6m-organic-pouch-banana-custard","name":"Organic Banana Custard Pouch","brand":"Cub","imageUrls":["https://shop.coles.com.au/wcsstore/Coles-CAS/images/3/4/2/3427941.jpg"],"storeId":"coles","packageSize":"120g","cupPrice":"$1.25 per 100G","locations":{"VIC":{"price":1.5,"discountRate":7,"promo":"Any 5 $7","orgPrice":1.5}},"categoryIds":["c-baby"],"similarProductIds":[]},{"id":"cub-4m-organic-pouch-apple-banana-blueberry","name":"Organic Apple Banana & Blueberry Pouch","brand":"Cub","imageUrls":["https://shop.coles.com.au/wcsstore/Coles-CAS/images/3/4/2/3426133.jpg"],"storeId":"coles","packageSize":"120g","cupPrice":"$1.25 per 100G","locations":{"VIC":{"price":1.5,"discountRate":7,"promo":"Any 5 $7","orgPrice":1.5}},"categoryIds":["c-baby"],"similarProductIds":[]},{"id":"huggies-pyjama-pants-dry-nites-boy-4-7-years-5016813p","name":"Dry Nites Pyjama Pants For Boys 4-7 Years","brand":"Huggies","imageUrls":["https://shop.coles.com.au/wcsstore/Coles-CAS/images/5/0/1/5016813.jpg"],"storeId":"coles","packageSize":"10 pack","cupPrice":"$1.00 per 1Ea","locations":{"VIC":{"price":10,"discountRate":17,"promo":"","orgPrice":12}},"categoryIds":["c-baby"],"similarProductIds":[]},{"id":"kiddylicious-strawberry-fruity-puffs","name":"Strawberry Fruity Puffs","brand":"Kiddylicious","imageUrls":["https://shop.coles.com.au/wcsstore/Coles-CAS/images/3/0/1/3018909.jpg"],"storeId":"coles","packageSize":"10g","cupPrice":"$14.00 per 100G","locations":{"VIC":{"price":1.4,"discountRate":22,"promo":"","orgPrice":1.7999999999999998}},"categoryIds":["c-baby"],"similarProductIds":[]},{"id":"kiddylicious-cheesy-straws","name":"Cheesy Straws","brand":"Kiddylicious","imageUrls":["https://shop.coles.com.au/wcsstore/Coles-CAS/images/3/0/1/3018884.jpg"],"storeId":"coles","packageSize":"12g","cupPrice":"$11.67 per 100G","locations":{"VIC":{"price":1.4,"discountRate":22,"promo":"","orgPrice":1.7999999999999998}},"categoryIds":["c-baby"],"similarProductIds":[]},{"id":"little-bellies-mini-gingerbread-men","name":"Mini Gingerbread Men","brand":"Little Bellies","imageUrls":["https://shop.coles.com.au/wcsstore/Coles-CAS/images/3/6/7/3671920.jpg"],"storeId":"coles","packageSize":"130g","cupPrice":"$2.77 per 100G","locations":{"VIC":{"price":3.6,"discountRate":20,"promo":"","orgPrice":4.5}},"categoryIds":["c-baby"],"similarProductIds":[]},{"id":"raffertys-garden-6-months-baby-food-vanilla-custard","name":"Vanilla Custard 6+ Months","brand":"Rafferty's Garden","imageUrls":["https://shop.coles.com.au/wcsstore/Coles-CAS/images/8/9/7/8971943.jpg"],"storeId":"coles","packageSize":"120g","cupPrice":"$1.38 per 100G","locations":{"VIC":{"price":1.65,"discountRate":3,"promo":"Any 5 $8","orgPrice":1.65}},"categoryIds":["c-baby"],"similarProductIds":[]},{"id":"baby-mum-mum--blueberry-carrot","name":"Organic Rice Rusks Blueberry & Carrot 12+ Months","brand":"Baby Mum-Mum","imageUrls":["https://shop.coles.com.au/wcsstore/Coles-CAS/images/2/8/0/2800347.jpg"],"storeId":"coles","packageSize":"36g","cupPrice":"$8.33 per 100G","locations":{"VIC":{"price":3,"discountRate":25,"promo":"Any 4 $9","orgPrice":3}},"categoryIds":["c-baby"],"similarProductIds":[]},{"id":"babylove-cosifit-bulk-nappies-crawler","name":"Unisex Cosifit Crawler Nappy 6-11 Kg Size 3","brand":"Babylove","imageUrls":["https://shop.coles.com.au/wcsstore/Coles-CAS/images/3/5/9/3595753.jpg"],"storeId":"coles","packageSize":"40 pack","cupPrice":"$0.30 per 1Ea","locations":{"VIC":{"price":12,"discountRate":14,"promo":"","orgPrice":14}},"categoryIds":["c-baby"],"similarProductIds":[]},{"id":"babylove-cosifit-bulk-nappies-infant","name":"Unisex Cosifit Infant Nappy 3-8 Kg Size 2","brand":"Babylove","imageUrls":["https://shop.coles.com.au/wcsstore/Coles-CAS/images/3/5/9/3595720.jpg"],"storeId":"coles","packageSize":"44 pack","cupPrice":"$0.27 per 1Ea","locations":{"VIC":{"price":12,"discountRate":14,"promo":"","orgPrice":14}},"categoryIds":["c-baby"],"similarProductIds":[]},{"id":"babylove-cosifit-bulk-nappies-junior","name":"Unisex Cosifit Junior Nappy 15-25 Kg Size 6","brand":"Babylove","imageUrls":["https://shop.coles.com.au/wcsstore/Coles-CAS/images/3/5/9/3595684.jpg"],"storeId":"coles","packageSize":"26 pack","cupPrice":"$0.46 per 1Ea","locations":{"VIC":{"price":12,"discountRate":14,"promo":"","orgPrice":14}},"categoryIds":["c-baby"],"similarProductIds":[]},{"id":"cub-6m-organic-pouch-beef-veggies","name":"Organic Beef & Veggies Pouch","brand":"Cub","imageUrls":["https://shop.coles.com.au/wcsstore/Coles-CAS/images/3/4/3/3430877.jpg"],"storeId":"coles","packageSize":"120g","cupPrice":"$1.25 per 100G","locations":{"VIC":{"price":1.5,"discountRate":7,"promo":"Any 5 $7","orgPrice":1.5}},"categoryIds":["c-baby"],"similarProductIds":[]},{"id":"cub-6m-organic-pouch-vanilla-custard","name":"Organic Vanilla Flavoured Custard Pouch","brand":"Cub","imageUrls":["https://shop.coles.com.au/wcsstore/Coles-CAS/images/3/4/2/3427952.jpg"],"storeId":"coles","packageSize":"120g","cupPrice":"$1.25 per 100G","locations":{"VIC":{"price":1.5,"discountRate":7,"promo":"Any 5 $7","orgPrice":1.5}},"categoryIds":["c-baby"],"similarProductIds":[]},{"id":"huggies-dry-nites-pyjama-pants-girl-2-4-years","name":"Dry Nites Pyjama Pants For Girls 2-4 Years","brand":"Huggies","imageUrls":["https://shop.coles.com.au/wcsstore/Coles-CAS/images/1/9/7/1979696.jpg"],"storeId":"coles","packageSize":"11 pack","cupPrice":"$0.91 per 1Ea","locations":{"VIC":{"price":10,"discountRate":17,"promo":"","orgPrice":12}},"categoryIds":["c-baby"],"similarProductIds":[]},{"id":"huggies-dry-nites-pyjama-pants-boy-2-4-years","name":"Dry Nites Pyjama Pants For Boys 2-4 Years","brand":"Huggies","imageUrls":["https://shop.coles.com.au/wcsstore/Coles-CAS/images/1/9/7/1979685.jpg"],"storeId":"coles","packageSize":"11 pack","cupPrice":"$0.91 per 1Ea","locations":{"VIC":{"price":10,"discountRate":17,"promo":"","orgPrice":12}},"categoryIds":["c-baby"],"similarProductIds":[]},{"id":"kiddylicious-blueberry-fruity-puffs-7-months","name":"Blueberry Fruity Puffs 7+ Months","brand":"Kiddylicious","imageUrls":["https://shop.coles.com.au/wcsstore/Coles-CAS/images/2/3/6/2365157.jpg"],"storeId":"coles","packageSize":"10g","cupPrice":"$14.00 per 100G","locations":{"VIC":{"price":1.4,"discountRate":22,"promo":"","orgPrice":1.7999999999999998}},"categoryIds":["c-baby"],"similarProductIds":[]},{"id":"kiddylicious-coconut-rolls","name":"Coconut Rolls","brand":"Kiddylicious","imageUrls":["https://shop.coles.com.au/wcsstore/Coles-CAS/images/3/0/1/3018910.jpg"],"storeId":"coles","packageSize":"8 pack","cupPrice":"$7.86 per 100G","locations":{"VIC":{"price":4.4,"discountRate":20,"promo":"","orgPrice":5.5}},"categoryIds":["c-baby"],"similarProductIds":[]},{"id":"kiddylicious-smoothie-melts-stw-banana","name":"Gluten Free Strawberry & Banana Smoothie Melts","brand":"Kiddylicious","imageUrls":["https://shop.coles.com.au/wcsstore/Coles-CAS/images/3/2/9/3292718.jpg"],"storeId":"coles","packageSize":"6g","cupPrice":"$23.34 per 100G","locations":{"VIC":{"price":1.4,"discountRate":22,"promo":"","orgPrice":1.7999999999999998}},"categoryIds":["c-baby"],"similarProductIds":[]},{"id":"nestle-cerelac-oats-wheat-with-prune","name":"Cerelac Oats & Wheat With Prune Infant Cereals  From 6 Months","brand":"Nestle","imageUrls":["https://shop.coles.com.au/wcsstore/Coles-CAS/images/3/5/6/3567099.jpg"],"storeId":"coles","packageSize":"200g","cupPrice":"$1.83 per 100G","locations":{"VIC":{"price":3.65,"discountRate":21,"promo":"","orgPrice":4.6}},"categoryIds":["c-baby"],"similarProductIds":[]},{"id":"nestle-cerelac-oats-wheat","name":"Cerelac Oats & Wheat Infant Cereals","brand":"Nestle","imageUrls":["https://shop.coles.com.au/wcsstore/Coles-CAS/images/3/5/6/3567088.jpg"],"storeId":"coles","packageSize":"200g","cupPrice":"$1.83 per 100G","locations":{"VIC":{"price":3.65,"discountRate":21,"promo":"","orgPrice":4.6}},"categoryIds":["c-baby"],"similarProductIds":[]},{"id":"rafferty-s-garden-tuna-garden-vegetable","name":"Tuna & Garden Vegetable 6M+","brand":"Rafferty's Garden","imageUrls":["https://shop.coles.com.au/wcsstore/Coles-CAS/images/3/7/6/3766448.jpg"],"storeId":"coles","packageSize":"120g","cupPrice":"$1.25 per 100G","locations":{"VIC":{"price":1.5,"discountRate":21,"promo":"","orgPrice":1.9}},"categoryIds":["c-baby"],"similarProductIds":[]},{"id":"rafferty-s-garden-swet-potato-carrot-barley","name":"Sweet Potato Carrot & Barley 6M+","brand":"Rafferty's Garden","imageUrls":["https://shop.coles.com.au/wcsstore/Coles-CAS/images/3/7/6/3766470.jpg"],"storeId":"coles","packageSize":"120g","cupPrice":"$1.25 per 100G","locations":{"VIC":{"price":1.5,"discountRate":21,"promo":"","orgPrice":1.9}},"categoryIds":["c-baby"],"similarProductIds":[]},{"id":"rafferty-s-garden-summer-fruits-quinoa-6m","name":"Summer Fruits & Quinoa 6M+","brand":"Rafferty's Garden","imageUrls":["https://shop.coles.com.au/wcsstore/Coles-CAS/images/3/7/6/3766459.jpg"],"storeId":"coles","packageSize":"120g","cupPrice":"$1.25 per 100G","locations":{"VIC":{"price":1.5,"discountRate":21,"promo":"","orgPrice":1.9}},"categoryIds":["c-baby"],"similarProductIds":[]},{"id":"rafferty-s-garden-natural-mini-yoghurt-drops-8m-","name":"Natural Mini Yoghurt Drops 8M+","brand":"Rafferty's Garden","imageUrls":["https://shop.coles.com.au/wcsstore/Coles-CAS/images/3/7/6/3766335.jpg"],"storeId":"coles","packageSize":"8g","cupPrice":"$20.00 per 100G","locations":{"VIC":{"price":1.6,"discountRate":16,"promo":"","orgPrice":1.9000000000000001}},"categoryIds":["c-baby"],"similarProductIds":[]},{"id":"baby-mum-mum-apple-pumpkin-rice-rusks","name":"Apple & Pumpkin Rice Rusks","brand":"Baby Mum-mum","imageUrls":["https://shop.coles.com.au/wcsstore/Coles-CAS/images/2/1/2/2123227.jpg"],"storeId":"coles","packageSize":"36g","cupPrice":"$8.33 per 100G","locations":{"VIC":{"price":3,"discountRate":25,"promo":"Any 4 $9","orgPrice":3}},"categoryIds":["c-baby"],"similarProductIds":[]},{"id":"babylove-nappy-pants-toddler","name":"Unisex Stretchy Toddler Nappy Pants 9-14 Kg Size 4","brand":"Babylove","imageUrls":["https://shop.coles.com.au/wcsstore/Coles-CAS/images/1/0/0/1007107.jpg"],"storeId":"coles","packageSize":"28 pack","cupPrice":"$0.36 per 1Ea","locations":{"VIC":{"price":10,"discountRate":41,"promo":"","orgPrice":17}},"categoryIds":["c-baby"],"similarProductIds":[]},{"id":"babylove-nappy-pants-walker","name":"Unisex Stretchy Walker Nappy Pants 12-17 Kg Size 5","brand":"Babylove","imageUrls":["https://shop.coles.com.au/wcsstore/Coles-CAS/images/1/0/0/1007071.jpg"],"storeId":"coles","packageSize":"25 pack","cupPrice":"$0.40 per 1Ea","locations":{"VIC":{"price":10,"discountRate":41,"promo":"","orgPrice":17}},"categoryIds":["c-baby"],"similarProductIds":[]},{"id":"babylove-cosifit-bulk-nappies-newborn","name":"Unisex Cosifit Newborn Nappy Upto 5Kg Size 1","brand":"Babylove","imageUrls":["https://shop.coles.com.au/wcsstore/Coles-CAS/images/3/5/9/3595710.jpg"],"storeId":"coles","packageSize":"48 pack","cupPrice":"$0.25 per 1Ea","locations":{"VIC":{"price":12,"discountRate":14,"promo":"","orgPrice":14}},"categoryIds":["c-baby"],"similarProductIds":[]},{"id":"cub-4m-organic-pouch-pear-banana-mango","name":"Organic Pear Banana & Mango Pouch","brand":"Cub","imageUrls":["https://shop.coles.com.au/wcsstore/Coles-CAS/images/3/4/2/3426304.jpg"],"storeId":"coles","packageSize":"120g","cupPrice":"$1.25 per 100G","locations":{"VIC":{"price":1.5,"discountRate":7,"promo":"Any 5 $7","orgPrice":1.5}},"categoryIds":["c-baby"],"similarProductIds":[]},{"id":"huggies-pyjama-pants-dry-nites-boy-8-15-years","name":"Dry Nites Pyjama Pants For Boys 8-15 Years","brand":"Huggies","imageUrls":["https://shop.coles.com.au/wcsstore/Coles-CAS/images/4/9/9/4997162.jpg"],"storeId":"coles","packageSize":"9 pack","cupPrice":"$1.11 per 1Ea","locations":{"VIC":{"price":10,"discountRate":17,"promo":"","orgPrice":12}},"categoryIds":["c-baby"],"similarProductIds":[]},{"id":"huggies-pyjama-pants-dry-nites-girl-8-15-years","name":"Dry Nites Pyjama Pants For Girls 8-15 Years","brand":"Huggies","imageUrls":["https://shop.coles.com.au/wcsstore/Coles-CAS/images/4/9/9/4997151.jpg"],"storeId":"coles","packageSize":"9 pack","cupPrice":"$1.11 per 1Ea","locations":{"VIC":{"price":10,"discountRate":17,"promo":"","orgPrice":12}},"categoryIds":["c-baby"],"similarProductIds":[]},{"id":"bambini-bars-apple-banana-blebrry-oats","name":"Banana Grains Oats & Blueberries Bambini Bars With Dha","brand":"Keep It Cleaner","imageUrls":["https://shop.coles.com.au/wcsstore/Coles-CAS/images/3/3/4/3344855.jpg"],"storeId":"coles","packageSize":"5 pack","cupPrice":"$0.80 per 1Ea","locations":{"VIC":{"price":4,"discountRate":20,"promo":"","orgPrice":5}},"categoryIds":["c-baby"],"similarProductIds":[]},{"id":"bambini-bars-super-berry-oats","name":"Oats & Superberry Bambini Bars With Dha","brand":"Keep It Cleaner","imageUrls":["https://shop.coles.com.au/wcsstore/Coles-CAS/images/3/3/4/3344877.jpg"],"storeId":"coles","packageSize":"5 pack","cupPrice":"$0.80 per 1Ea","locations":{"VIC":{"price":4,"discountRate":20,"promo":"","orgPrice":5}},"categoryIds":["c-baby"],"similarProductIds":[]},{"id":"bambini-gluten-free-alphabet-pasta-8-m","name":"Organic Corn Alphabet Shaped Bambini Pasta 8+ Months","brand":"Keep It Cleaner","imageUrls":["https://shop.coles.com.au/wcsstore/Coles-CAS/images/3/5/0/3501909.jpg"],"storeId":"coles","packageSize":"300g","cupPrice":"$1.33 per 100G","locations":{"VIC":{"price":4,"discountRate":20,"promo":"","orgPrice":5}},"categoryIds":["c-baby"],"similarProductIds":[]},{"id":"kiddylicious-raspberry-crispie-tiddlers-12-months","name":"Raspberry Crispie Tiddlers 12+ Months","brand":"Kiddylicious","imageUrls":["https://shop.coles.com.au/wcsstore/Coles-CAS/images/2/3/6/2364948.jpg"],"storeId":"coles","packageSize":"12g","cupPrice":"$11.67 per 100G","locations":{"VIC":{"price":1.4,"discountRate":22,"promo":"","orgPrice":1.7999999999999998}},"categoryIds":["c-baby"],"similarProductIds":[]},{"id":"kiddylicious-banana-fruity-puffs-7-months","name":"Banana Fruity Puffs 7+ Months","brand":"Kiddylicious","imageUrls":["https://shop.coles.com.au/wcsstore/Coles-CAS/images/2/3/6/2365146.jpg"],"storeId":"coles","packageSize":"10g","cupPrice":"$14.00 per 100G","locations":{"VIC":{"price":1.4,"discountRate":22,"promo":"","orgPrice":1.7999999999999998}},"categoryIds":["c-baby"],"similarProductIds":[]},{"id":"kiddylicious-strawberry-fruit-wriggles-12-months","name":"Strawberry Fruit Wriggles 12+ Months","brand":"Kiddylicious","imageUrls":["https://shop.coles.com.au/wcsstore/Coles-CAS/images/2/3/6/2365099.jpg"],"storeId":"coles","packageSize":"12g","cupPrice":"$11.67 per 100G","locations":{"VIC":{"price":1.4,"discountRate":22,"promo":"","orgPrice":1.7999999999999998}},"categoryIds":["c-baby"],"similarProductIds":[]},{"id":"kiddylicious-snack-lentil-straws","name":"Sour Cream & Chive Lentil Straws","brand":"Kiddylicious","imageUrls":["https://shop.coles.com.au/wcsstore/Coles-CAS/images/3/2/9/3292707.jpg"],"storeId":"coles","packageSize":"15g","cupPrice":"$0.93 per 10G","locations":{"VIC":{"price":1.4,"discountRate":22,"promo":"","orgPrice":1.7999999999999998}},"categoryIds":["c-baby"],"similarProductIds":[]},{"id":"kiddylicious-smoothie-melts-banana-mgo-psnft","name":"Gluten Free Banana Mango & Passionfruit Smoothie Melts","brand":"Kiddylicious","imageUrls":["https://shop.coles.com.au/wcsstore/Coles-CAS/images/3/4/9/3497834.jpg"],"storeId":"coles","packageSize":"6g","cupPrice":"$23.34 per 100G","locations":{"VIC":{"price":1.4,"discountRate":22,"promo":"","orgPrice":1.7999999999999998}},"categoryIds":["c-baby"],"similarProductIds":[]},{"id":"little-quacker-original-coconut-rice-rolls","name":"Gluten Free Coconut Rice Rolls","brand":"Little Quacker","imageUrls":["https://shop.coles.com.au/wcsstore/Coles-CAS/images/3/4/9/3499374.jpg"],"storeId":"coles","packageSize":"40g","cupPrice":"$0.50 per 10G","locations":{"VIC":{"price":2,"discountRate":20,"promo":"","orgPrice":2.5}},"categoryIds":["c-baby"],"similarProductIds":[]},{"id":"nestle-cerelac-stage-1-infant-cereal-rice-4-6-months","name":"CERELAC Rice Infant Cereal 4m +","brand":"Nestle","imageUrls":["https://shop.coles.com.au/wcsstore/Coles-CAS/images/7/7/6/7760476.jpg"],"storeId":"coles","packageSize":"200g","cupPrice":"$1.83 per 100G","locations":{"VIC":{"price":3.65,"discountRate":21,"promo":"","orgPrice":4.6}},"categoryIds":["c-baby"],"similarProductIds":[]},{"id":"nestle-cerelac-8m-banana-apple-muesli","name":"CERELAC Muesli with Banana & Apple 8m +","brand":"Nestle","imageUrls":["https://shop.coles.com.au/wcsstore/Coles-CAS/images/3/0/2/3029600.jpg"],"storeId":"coles","packageSize":"200g","cupPrice":"$1.83 per 100G","locations":{"VIC":{"price":3.65,"discountRate":21,"promo":"","orgPrice":4.6}},"categoryIds":["c-baby"],"similarProductIds":[]},{"id":"raffertys-garden-baby-food-6-months-old-fashioned-chocolate-custard","name":"Chocolate Custard Baby Food 6+ Months","brand":"Rafferty's Garden","imageUrls":["https://shop.coles.com.au/wcsstore/Coles-CAS/images/6/9/5/6957420.jpg"],"storeId":"coles","packageSize":"120g","cupPrice":"$1.38 per 100G","locations":{"VIC":{"price":1.65,"discountRate":3,"promo":"Any 5 $8","orgPrice":1.65}},"categoryIds":["c-baby"],"similarProductIds":[]},{"id":"raffertys-garden-pops-chese-chickpea","name":"Cheese Chickpea Pops 12+ Months","brand":"Rafferty's Garden","imageUrls":["https://shop.coles.com.au/wcsstore/Coles-CAS/images/3/6/2/3621638.jpg"],"storeId":"coles","packageSize":"17g","cupPrice":"$0.94 per 10G","locations":{"VIC":{"price":1.6,"discountRate":16,"promo":"","orgPrice":1.9000000000000001}},"categoryIds":["c-baby"],"similarProductIds":[]},{"id":"raffety-s-garden-pumpkin-spinach-pasta-bake-6m-","name":"Pumpkin & Spinach Pasta Bake 6M+","brand":"Rafferty's Garden","imageUrls":["https://shop.coles.com.au/wcsstore/Coles-CAS/images/3/7/6/3766460.jpg"],"storeId":"coles","packageSize":"120g","cupPrice":"$1.25 per 100G","locations":{"VIC":{"price":1.5,"discountRate":21,"promo":"","orgPrice":1.9}},"categoryIds":["c-baby"],"similarProductIds":[]},{"id":"rafferty-s-garden-banana-mini-yoghurt-drops-8m-","name":"Banana Mini Yoghurt Drops 8M+","brand":"Rafferty's Garden","imageUrls":["https://shop.coles.com.au/wcsstore/Coles-CAS/images/3/7/6/3766357.jpg"],"storeId":"coles","packageSize":"8g","cupPrice":"$20.00 per 100G","locations":{"VIC":{"price":1.6,"discountRate":16,"promo":"","orgPrice":1.9000000000000001}},"categoryIds":["c-baby"],"similarProductIds":[]},{"id":"rafferty-s-garden-tomato-basil-straw-10m-","name":"Tomato & Basil Straws 10M+","brand":"Rafferty's Garden","imageUrls":["https://shop.coles.com.au/wcsstore/Coles-CAS/images/3/7/6/3766302.jpg"],"storeId":"coles","packageSize":"15g","cupPrice":"$10.67 per 100G","locations":{"VIC":{"price":1.6,"discountRate":16,"promo":"","orgPrice":1.9000000000000001}},"categoryIds":["c-baby"],"similarProductIds":[]},{"id":"rafferty-s-garden-carrot-straws-10m-","name":"Carrot Straws 10M+","brand":"Rafferty's Garden","imageUrls":["https://shop.coles.com.au/wcsstore/Coles-CAS/images/3/7/6/3766299.jpg"],"storeId":"coles","packageSize":"15g","cupPrice":"$10.67 per 100G","locations":{"VIC":{"price":1.6,"discountRate":16,"promo":"","orgPrice":1.9000000000000001}},"categoryIds":["c-baby"],"similarProductIds":[]},{"id":"schmackos-strapz-dog-treat-3-variety-pack","name":"Strapz Dog Treat Beef Chicken And Liver Variety Pack","brand":"Schmackos","imageUrls":["https://shop.coles.com.au/wcsstore/Coles-CAS/images/3/0/1/3015310.jpg"],"storeId":"coles","packageSize":"500g","cupPrice":"$2.00 per 100G","locations":{"VIC":{"price":10,"discountRate":22,"promo":"","orgPrice":12.9}},"categoryIds":["c-pet"],"similarProductIds":[]},{"id":"good-o-dog-food-chicken-veal","name":"Chicken & Veal Dry Dog Food","brand":"Good O","imageUrls":["https://shop.coles.com.au/wcsstore/Coles-CAS/images/9/1/1/9111190.jpg"],"storeId":"coles","packageSize":"3kg","cupPrice":"$0.37 per 100G","locations":{"VIC":{"price":11,"discountRate":17,"promo":"","orgPrice":13.3}},"categoryIds":["c-pet"],"similarProductIds":[]},{"id":"optimum-dry-cat-food-adult-tuna","name":"Dry Cat Food Adult 1+ Years With Tuna","brand":"Optimum","imageUrls":["https://shop.coles.com.au/wcsstore/Coles-CAS/images/3/2/5/3250853.jpg"],"storeId":"coles","packageSize":"2kg","cupPrice":"$0.70 per 100G","locations":{"VIC":{"price":14,"discountRate":29,"promo":"","orgPrice":19.8}},"categoryIds":["c-pet"],"similarProductIds":[]},{"id":"dine-succulent-chicken-slices-cat-food-multipack","name":"Slices With Chicken Wet Cat Food 85g Tray","brand":"Dine","imageUrls":["https://shop.coles.com.au/wcsstore/Coles-CAS/images/2/7/4/2741463.jpg"],"storeId":"coles","packageSize":"7 pack","cupPrice":"$1.26 per 100G","locations":{"VIC":{"price":7.5,"discountRate":13,"promo":"Any 2 $13","orgPrice":7.5}},"categoryIds":["c-pet"],"similarProductIds":[]},{"id":"fancy-feast-cat-food-classic-gravy-lovers-beef","name":"Classic Beef Feast in Gravy Canned Cat Food","brand":"Fancy Feast","imageUrls":["https://shop.coles.com.au/wcsstore/Coles-CAS/images/1/3/2/1329249.jpg"],"storeId":"coles","packageSize":"85g","cupPrice":"$1.18 per 100G","locations":{"VIC":{"price":1,"discountRate":31,"promo":"","orgPrice":1.45}},"categoryIds":["c-pet"],"similarProductIds":[]},{"id":"fancy-feast-grilled-cat-food-chicken-prime-filet","name":"Classic Prime Filet of Chicken Canned Cat Food","brand":"Fancy Feast","imageUrls":["https://shop.coles.com.au/wcsstore/Coles-CAS/images/9/4/1/9417871.jpg"],"storeId":"coles","packageSize":"85g","cupPrice":"$1.18 per 100G","locations":{"VIC":{"price":1,"discountRate":31,"promo":"","orgPrice":1.45}},"categoryIds":["c-pet"],"similarProductIds":[]},{"id":"fancy-feast-grilled-cat-food-turkey-prime-filet","name":"Classic Prime Filet of Turkey Canned Cat Food","brand":"Fancy Feast","imageUrls":["https://shop.coles.com.au/wcsstore/Coles-CAS/images/9/4/1/9418058.jpg"],"storeId":"coles","packageSize":"85g","cupPrice":"$1.18 per 100G","locations":{"VIC":{"price":1,"discountRate":31,"promo":"","orgPrice":1.45}},"categoryIds":["c-pet"],"similarProductIds":[]},{"id":"purina-total-care-palatable-allwormer-cat-kittens-treatment-tablets","name":"Total Care Palatable Allwormer Cat Kittens Treatment Tablets","brand":"Purina","imageUrls":["https://shop.coles.com.au/wcsstore/Coles-CAS/images/2/8/3/2839466.jpg"],"storeId":"coles","packageSize":"2 pack","cupPrice":"$5.50 per 1Ea","locations":{"VIC":{"price":11,"discountRate":15,"promo":"","orgPrice":13}},"categoryIds":["c-pet"],"similarProductIds":[]},{"id":"whiskas-adult-cat-food-mince-with-beef","name":"1+ Years Wet Cat Food With Beef Mince Can","brand":"Whiskas","imageUrls":["https://shop.coles.com.au/wcsstore/Coles-CAS/images/6/7/0/6708710.jpg"],"storeId":"coles","packageSize":"400g","cupPrice":"$0.44 per 100G","locations":{"VIC":{"price":1.75,"discountRate":9,"promo":"Any 5 $8","orgPrice":1.75}},"categoryIds":["c-pet"],"similarProductIds":[]},{"id":"fancy-feast-cat-food-roasted-selections","name":"Beef Salmon & Cheese Dry Cat Food","brand":"Fancy Feast","imageUrls":["https://shop.coles.com.au/wcsstore/Coles-CAS/images/5/0/9/5097065.jpg"],"storeId":"coles","packageSize":"450g","cupPrice":"$0.96 per 100G","locations":{"VIC":{"price":4.3,"discountRate":19,"promo":"","orgPrice":5.3}},"categoryIds":["c-pet"],"similarProductIds":[]},{"id":"fancy-feast-cat-food-ocean-platter","name":"Tuna Prawn Mackerel & Crab Dry Cat Food","brand":"Fancy Feast","imageUrls":["https://shop.coles.com.au/wcsstore/Coles-CAS/images/5/0/9/5097087.jpg"],"storeId":"coles","packageSize":"450g","cupPrice":"$0.96 per 100G","locations":{"VIC":{"price":4.3,"discountRate":19,"promo":"","orgPrice":5.3}},"categoryIds":["c-pet"],"similarProductIds":[]},{"id":"my-dog-dog-food-chicken-supreme-5234541p","name":"Chicken Supreme Loaf Classics Wet Dog Food Tray","brand":"My Dog","imageUrls":["https://shop.coles.com.au/wcsstore/Coles-CAS/images/5/2/3/5234541.jpg"],"storeId":"coles","packageSize":"100g","cupPrice":"$1.50 per 100G","locations":{"VIC":{"price":1.5,"discountRate":20,"promo":"Any 5 $6","orgPrice":1.5}},"categoryIds":["c-pet"],"similarProductIds":[]},{"id":"dine-multipack-cat-food-ocean-fish-with-seafood-sauce","name":"Saucy Morsels With Ocean Fish Wet Cat Food 85g Tray","brand":"Dine","imageUrls":["https://shop.coles.com.au/wcsstore/Coles-CAS/images/7/5/9/7591765.jpg"],"storeId":"coles","packageSize":"7 pack","cupPrice":"$1.26 per 100G","locations":{"VIC":{"price":7.5,"discountRate":13,"promo":"Any 2 $13","orgPrice":7.5}},"categoryIds":["c-pet"],"similarProductIds":[]},{"id":"my-dog-dog-food-country-lamb-liver","name":"Country Lamb And Liver Dog Food Can","brand":"My Dog","imageUrls":["https://shop.coles.com.au/wcsstore/Coles-CAS/images/5/1/0/5102959.jpg"],"storeId":"coles","packageSize":"400g","cupPrice":"$0.38 per 100G","locations":{"VIC":{"price":1.5,"discountRate":32,"promo":"","orgPrice":2.2}},"categoryIds":["c-pet"],"similarProductIds":[]},{"id":"my-dog-dog-food-gourmet-beef-5234552p","name":"Gourmet Beef Meaty Loaf Classics Wet Dog Food Tray","brand":"My Dog","imageUrls":["https://shop.coles.com.au/wcsstore/Coles-CAS/images/5/2/3/5234552.jpg"],"storeId":"coles","packageSize":"100g","cupPrice":"$1.50 per 100G","locations":{"VIC":{"price":1.5,"discountRate":20,"promo":"Any 5 $6","orgPrice":1.5}},"categoryIds":["c-pet"],"similarProductIds":[]},{"id":"optimum-beef-rice-egg-adult-canned-dog-food","name":"Beef & Rice Wet Dog Food Can Adult","brand":"Optimum","imageUrls":["https://shop.coles.com.au/wcsstore/Coles-CAS/images/2/4/8/2488612.jpg"],"storeId":"coles","packageSize":"400g","cupPrice":"$0.50 per 100G","locations":{"VIC":{"price":2,"discountRate":23,"promo":"","orgPrice":2.6}},"categoryIds":["c-pet"],"similarProductIds":[]},{"id":"optimum-chicken-rice-adult-canned-dog-food","name":"Adult With Chicken & Rice Wet Dog Food Can","brand":"Optimum","imageUrls":["https://shop.coles.com.au/wcsstore/Coles-CAS/images/2/4/8/2488623.jpg"],"storeId":"coles","packageSize":"400g","cupPrice":"$0.50 per 100G","locations":{"VIC":{"price":2,"discountRate":23,"promo":"","orgPrice":2.6}},"categoryIds":["c-pet"],"similarProductIds":[]},{"id":"4-legs-dog-food-chicken-rice-with-vegies","name":"Chicken & Rice with Vegies Dog Food","brand":"4 Legs","imageUrls":["https://shop.coles.com.au/wcsstore/Coles-CAS/images/7/1/7/7178372.jpg"],"storeId":"coles","packageSize":"900g","cupPrice":"$0.50 per 100G","locations":{"VIC":{"price":4.5,"discountRate":22,"promo":"","orgPrice":5.8}},"categoryIds":["c-pet"],"similarProductIds":[]},{"id":"my-dog-select-dog-food-chicken-supreme-with-cheese-8919150p","name":"Chicken Supreme With Cheese Wet Dog Food Tray","brand":"My Dog","imageUrls":["https://shop.coles.com.au/wcsstore/Coles-CAS/images/8/9/1/8919150.jpg"],"storeId":"coles","packageSize":"100g","cupPrice":"$1.50 per 100G","locations":{"VIC":{"price":1.5,"discountRate":20,"promo":"Any 5 $6","orgPrice":1.5}},"categoryIds":["c-pet"],"similarProductIds":[]},{"id":"whiskas-adult-cat-food-meat-with-lamb-turkey-vegetables-mince","name":"1+ Years Wet Cat Food Lamb Mince Can","brand":"Whiskas","imageUrls":["https://shop.coles.com.au/wcsstore/Coles-CAS/images/8/1/0/8104101.jpg"],"storeId":"coles","packageSize":"400g","cupPrice":"$0.44 per 100G","locations":{"VIC":{"price":1.75,"discountRate":9,"promo":"Any 5 $8","orgPrice":1.75}},"categoryIds":["c-pet"],"similarProductIds":[]},{"id":"whiskas-adult-cat-food-fish-with-sardine-tuna","name":"1+ Years Wet Cat Food Tuna Can","brand":"Whiskas","imageUrls":["https://shop.coles.com.au/wcsstore/Coles-CAS/images/5/3/9/5391787.jpg"],"storeId":"coles","packageSize":"400g","cupPrice":"$0.44 per 100G","locations":{"VIC":{"price":1.75,"discountRate":9,"promo":"Any 5 $8","orgPrice":1.75}},"categoryIds":["c-pet"],"similarProductIds":[]},{"id":"whiskas-adult-cat-food-fish-ocean-fish-platter-loaf-style","name":"1+ Years Wet Cat Food Ocean Fish Loaf Can","brand":"Whiskas","imageUrls":["https://shop.coles.com.au/wcsstore/Coles-CAS/images/2/8/3/283550.jpg"],"storeId":"coles","packageSize":"400g","cupPrice":"$0.44 per 100G","locations":{"VIC":{"price":1.75,"discountRate":9,"promo":"Any 5 $8","orgPrice":1.75}},"categoryIds":["c-pet"],"similarProductIds":[]},{"id":"breeders-choice-cat-litter","name":"Cat Litter Paper","brand":"Breeders Choice","imageUrls":["https://shop.coles.com.au/wcsstore/Coles-CAS/images/8/0/2/8029877.jpg"],"storeId":"coles","packageSize":"15L","cupPrice":"$1.10 per 1L","locations":{"VIC":{"price":16.5,"discountRate":24,"promo":"2 for $25","orgPrice":16.5}},"categoryIds":["c-pet"],"similarProductIds":[]},{"id":"dine-finest-serve-cat-food-poultry-selection-in-gravy","name":"Finest Serve Poultry Selection Chicken Poultry & Turkey Wet Cat Food 50g Pouch","brand":"Dine","imageUrls":["https://shop.coles.com.au/wcsstore/Coles-CAS/images/2/7/4/2741328.jpg"],"storeId":"coles","packageSize":"6 pack","cupPrice":"$1.33 per 100G","locations":{"VIC":{"price":4,"discountRate":17,"promo":"","orgPrice":4.8}},"categoryIds":["c-pet"],"similarProductIds":[]},{"id":"whiskas-cat-food-tuna-sardines-salmon-prawns","name":"Tuna & Sardine Flavours Dry Cat Food 7+ Years","brand":"Whiskas","imageUrls":["https://shop.coles.com.au/wcsstore/Coles-CAS/images/9/0/7/9075075.jpg"],"storeId":"coles","packageSize":"1kg","cupPrice":"$0.45 per 100G","locations":{"VIC":{"price":4.5,"discountRate":18,"promo":"","orgPrice":5.5}},"categoryIds":["c-pet"],"similarProductIds":[]},{"id":"applaws-grainfree-dry-cf-ocean-fsh-slmn","name":"Grainfree Ocean Fish With Salmon Dry Cat Food","brand":"Applaws","imageUrls":["https://shop.coles.com.au/wcsstore/Coles-CAS/images/3/5/9/3598230.jpg"],"storeId":"coles","packageSize":"450g","cupPrice":"$0.89 per 100G","locations":{"VIC":{"price":4,"discountRate":20,"promo":"","orgPrice":5}},"categoryIds":["c-pet"],"similarProductIds":[]},{"id":"fancy-feast-cat-food-chicken-giblets-pate","name":"Chicken Feast Chunky Classic Cat Food","brand":"Fancy Feast","imageUrls":["https://shop.coles.com.au/wcsstore/Coles-CAS/images/5/2/5/5251460.jpg"],"storeId":"coles","packageSize":"85g","cupPrice":"$1.18 per 100G","locations":{"VIC":{"price":1,"discountRate":31,"promo":"","orgPrice":1.45}},"categoryIds":["c-pet"],"similarProductIds":[]},{"id":"fancy-feast-cat-food-salmon-prime-filet","name":"Classic Prime Filet of Salmon Canned Cat Food","brand":"Fancy Feast","imageUrls":["https://shop.coles.com.au/wcsstore/Coles-CAS/images/9/5/1/9515724.jpg"],"storeId":"coles","packageSize":"85g","cupPrice":"$1.18 per 100G","locations":{"VIC":{"price":1,"discountRate":31,"promo":"","orgPrice":1.45}},"categoryIds":["c-pet"],"similarProductIds":[]},{"id":"fancy-feast-grilled-cat-food-tuna-prime-filet","name":"Classic Prime Filet of Tuna Canned Cat Food","brand":"Fancy Feast","imageUrls":["https://shop.coles.com.au/wcsstore/Coles-CAS/images/9/4/1/9418025.jpg"],"storeId":"coles","packageSize":"85g","cupPrice":"$1.18 per 100G","locations":{"VIC":{"price":1,"discountRate":31,"promo":"","orgPrice":1.45}},"categoryIds":["c-pet"],"similarProductIds":[]},{"id":"fancy-feast-cheddar-delights-grilled-whitefish-in-gravy-cat-food","name":"Cheddar Delights Grilled Whitefish in Gravy Cat Food","brand":"Fancy Feast","imageUrls":["https://shop.coles.com.au/wcsstore/Coles-CAS/images/2/2/8/2288250.jpg"],"storeId":"coles","packageSize":"85g","cupPrice":"$1.18 per 100G","locations":{"VIC":{"price":1,"discountRate":31,"promo":"","orgPrice":1.45}},"categoryIds":["c-pet"],"similarProductIds":[]},{"id":"my-dog-dog-food-prime-beef-veal","name":"Beef & Veal Dog Food Can","brand":"My Dog","imageUrls":["https://shop.coles.com.au/wcsstore/Coles-CAS/images/5/1/0/5102937.jpg"],"storeId":"coles","packageSize":"400g","cupPrice":"$0.38 per 100G","locations":{"VIC":{"price":1.5,"discountRate":32,"promo":"","orgPrice":2.2}},"categoryIds":["c-pet"],"similarProductIds":[]},{"id":"pedigree-adult-dog-food-chicken-rice-vegies","name":"Homestyle Chicken With Rice & Vegies Adult Wet Dog Food Can","brand":"Pedigree","imageUrls":["https://shop.coles.com.au/wcsstore/Coles-CAS/images/7/3/3/7335357.jpg"],"storeId":"coles","packageSize":"1.2kg","cupPrice":"$0.25 per 100G","locations":{"VIC":{"price":3,"discountRate":25,"promo":"","orgPrice":4}},"categoryIds":["c-pet"],"similarProductIds":[]},{"id":"wofin-god-dog-fod-chunks-in-grv-bf-lvr-vg","name":"Chunks In Gravy Beef Liver & Veg Dog Food","brand":"Woofin Good","imageUrls":["https://shop.coles.com.au/wcsstore/Coles-CAS/images/3/6/9/3699817.jpg"],"storeId":"coles","packageSize":"400g","cupPrice":"$0.41 per 100G","locations":{"VIC":{"price":1.65,"discountRate":31,"promo":"","orgPrice":2.4}},"categoryIds":["c-pet"],"similarProductIds":[]},{"id":"vet-pro-5-dog-tray-kangaroo-vegies","name":"Natural Kangaroo Plus 5 Dog Food Tray","brand":"4 Legs","imageUrls":["https://shop.coles.com.au/wcsstore/Coles-CAS/images/1/6/9/1699689.jpg"],"storeId":"coles","packageSize":"900g","cupPrice":"$0.50 per 100G","locations":{"VIC":{"price":4.5,"discountRate":22,"promo":"","orgPrice":5.8}},"categoryIds":["c-pet"],"similarProductIds":[]},{"id":"dine-cat-food-tuna-mornay-with-cheese","name":"Saucy Morsels With Tuna And Cheese Wet Cat Food Tray","brand":"Dine","imageUrls":["https://shop.coles.com.au/wcsstore/Coles-CAS/images/7/5/9/7599461.jpg"],"storeId":"coles","packageSize":"85g","cupPrice":"$1.35 per 100G","locations":{"VIC":{"price":1.15,"discountRate":13,"promo":"Any 10 $10","orgPrice":1.15}},"categoryIds":["c-pet"],"similarProductIds":[]},{"id":"dine-cat-food-lamb-morsels","name":"Cuts In Gravy With Lamb Wet Cat Food Tray","brand":"Dine","imageUrls":["https://shop.coles.com.au/wcsstore/Coles-CAS/images/7/5/9/7599290.jpg"],"storeId":"coles","packageSize":"85g","cupPrice":"$1.35 per 100G","locations":{"VIC":{"price":1.15,"discountRate":13,"promo":"Any 10 $10","orgPrice":1.15}},"categoryIds":["c-pet"],"similarProductIds":[]},{"id":"dine-multipack-cat-food-turkey-with-gravy","name":"Cuts In Gravy With Turkey Wet Cat Food 85g Tray","brand":"Dine","imageUrls":["https://shop.coles.com.au/wcsstore/Coles-CAS/images/7/5/9/7591696.jpg"],"storeId":"coles","packageSize":"7 pack","cupPrice":"$1.26 per 100G","locations":{"VIC":{"price":7.5,"discountRate":13,"promo":"Any 2 $13","orgPrice":7.5}},"categoryIds":["c-pet"],"similarProductIds":[]},{"id":"dine-cat-food-beef-liver-in-gravy","name":"Cuts In Gravy with Beef & Liver Wet Cat Food Tray","brand":"Dine","imageUrls":["https://shop.coles.com.au/wcsstore/Coles-CAS/images/7/5/9/7599279.jpg"],"storeId":"coles","packageSize":"85g","cupPrice":"$1.35 per 100G","locations":{"VIC":{"price":1.15,"discountRate":13,"promo":"Any 10 $10","orgPrice":1.15}},"categoryIds":["c-pet"],"similarProductIds":[]},{"id":"dine-multipack-cat-food-beef-liver-with-gravy","name":"Cuts In Gravy With Beef And Liver Wet Cat Food 85g Tray","brand":"Dine","imageUrls":["https://shop.coles.com.au/wcsstore/Coles-CAS/images/7/5/9/7591710.jpg"],"storeId":"coles","packageSize":"7 pack","cupPrice":"$1.26 per 100G","locations":{"VIC":{"price":7.5,"discountRate":13,"promo":"Any 2 $13","orgPrice":7.5}},"categoryIds":["c-pet"],"similarProductIds":[]},{"id":"dine-perfect-portions-cf-cuts-in-gravy-rstd-chckn","name":"Perfect Portions Cuts In Gravy with Succulent Chicken Wet Cat Food 75g Trays","brand":"Dine","imageUrls":["https://shop.coles.com.au/wcsstore/Coles-CAS/images/3/3/2/3322794.jpg"],"storeId":"coles","packageSize":"75g","cupPrice":"$2.33 per 100G","locations":{"VIC":{"price":1.75,"discountRate":14,"promo":"Any 8 $12","orgPrice":1.75}},"categoryIds":["c-pet"],"similarProductIds":[]},{"id":"fancy-feast-kitten-cat-food-tender-ocean-whitefish","name":"Classic Kitten Whitefish Feast Canned Cat Food","brand":"Fancy Feast","imageUrls":["https://shop.coles.com.au/wcsstore/Coles-CAS/images/6/9/1/6912477.jpg"],"storeId":"coles","packageSize":"85g","cupPrice":"$1.18 per 100G","locations":{"VIC":{"price":1,"discountRate":31,"promo":"","orgPrice":1.45}},"categoryIds":["c-pet"],"similarProductIds":[]},{"id":"fancy-feast-cat-food-ocean-fish","name":"Classic Ocean Fish Filet Canned Cat Food","brand":"Fancy Feast","imageUrls":["https://shop.coles.com.au/wcsstore/Coles-CAS/images/5/1/2/5129842.jpg"],"storeId":"coles","packageSize":"85g","cupPrice":"$1.18 per 100G","locations":{"VIC":{"price":1,"discountRate":31,"promo":"","orgPrice":1.45}},"categoryIds":["c-pet"],"similarProductIds":[]},{"id":"fancy-feast-royale-cat-food-whitemeat-tuna-affair-with-seafood","name":"Royale Whitemeat Tuna Affair With Seafood Strips Canned Cat Food","brand":"Fancy Feast","imageUrls":["https://shop.coles.com.au/wcsstore/Coles-CAS/images/9/5/1/9515688.jpg"],"storeId":"coles","packageSize":"85g","cupPrice":"$2.35 per 100G","locations":{"VIC":{"price":2,"discountRate":15,"promo":"Any 5 $8.50","orgPrice":2}},"categoryIds":["c-pet"],"similarProductIds":[]},{"id":"fancy-feast-royale-cat-food-yellow-fin-tuna-with-whole-shrimp","name":"Royale Tuna with Shrimp Canned Cat Food","brand":"Fancy Feast","imageUrls":["https://shop.coles.com.au/wcsstore/Coles-CAS/images/9/4/1/9416835.jpg"],"storeId":"coles","packageSize":"85g","cupPrice":"$2.35 per 100G","locations":{"VIC":{"price":2,"discountRate":15,"promo":"Any 5 $8.50","orgPrice":2}},"categoryIds":["c-pet"],"similarProductIds":[]},{"id":"fancy-feast-cat-food-chicken-feast-with-gravy","name":"Classic Chicken Feast with Gravy Canned Cat Food","brand":"Fancy Feast","imageUrls":["https://shop.coles.com.au/wcsstore/Coles-CAS/images/9/5/1/9515611.jpg"],"storeId":"coles","packageSize":"85g","cupPrice":"$1.18 per 100G","locations":{"VIC":{"price":1,"discountRate":31,"promo":"","orgPrice":1.45}},"categoryIds":["c-pet"],"similarProductIds":[]},{"id":"fancy-feast-royale-cat-food-virgin-flaked-tuna","name":"Royale Virgin Flaked Tuna Canned Cat Food","brand":"Fancy Feast","imageUrls":["https://shop.coles.com.au/wcsstore/Coles-CAS/images/9/4/1/9416879.jpg"],"storeId":"coles","packageSize":"85g","cupPrice":"$2.35 per 100G","locations":{"VIC":{"price":2,"discountRate":15,"promo":"Any 5 $8.50","orgPrice":2}},"categoryIds":["c-pet"],"similarProductIds":[]},{"id":"fancy-feast-delights-tuna-cheddar-canned-cat-food","name":"Delights Tuna & Cheddar Canned Cat Food","brand":"Fancy Feast","imageUrls":["https://shop.coles.com.au/wcsstore/Coles-CAS/images/1/7/2/1724141.jpg"],"storeId":"coles","packageSize":"85g","cupPrice":"$1.18 per 100G","locations":{"VIC":{"price":1,"discountRate":31,"promo":"","orgPrice":1.45}},"categoryIds":["c-pet"],"similarProductIds":[]},{"id":"fancy-feast-classic-cat-fod-sliced-chicken","name":"Classic Sliced Chicken Cat Food","brand":"Fancy Feast","imageUrls":["https://shop.coles.com.au/wcsstore/Coles-CAS/images/3/7/6/3763213.jpg"],"storeId":"coles","packageSize":"85g","cupPrice":"$1.18 per 100G","locations":{"VIC":{"price":1,"discountRate":31,"promo":"","orgPrice":1.45}},"categoryIds":["c-pet"],"similarProductIds":[]},{"id":"fancy-feast-classic-cat-fod-seafod","name":"Classic Seafood Cat Food","brand":"Fancy Feast","imageUrls":["https://shop.coles.com.au/wcsstore/Coles-CAS/images/3/7/6/3763202.jpg"],"storeId":"coles","packageSize":"85g","cupPrice":"$1.18 per 100G","locations":{"VIC":{"price":1,"discountRate":31,"promo":"","orgPrice":1.45}},"categoryIds":["c-pet"],"similarProductIds":[]},{"id":"my-dog-dog-food-gourmet-beef-8918929p","name":"Gourmet Beef Loaf Classics Wet Dog Food Can","brand":"My Dog","imageUrls":["https://shop.coles.com.au/wcsstore/Coles-CAS/images/8/9/1/8918929.jpg"],"storeId":"coles","packageSize":"400g","cupPrice":"$0.38 per 100G","locations":{"VIC":{"price":1.5,"discountRate":32,"promo":"","orgPrice":2.2}},"categoryIds":["c-pet"],"similarProductIds":[]},{"id":"my-dog-puppy-chicken-mince-with-rice--carrots-spinach","name":"Puppy Chicken Minced With Rice & Carrot & Spinach Wet Dog Food Tray","brand":"My Dog","imageUrls":["https://shop.coles.com.au/wcsstore/Coles-CAS/images/7/8/5/7852111.jpg"],"storeId":"coles","packageSize":"100g","cupPrice":"$1.50 per 100G","locations":{"VIC":{"price":1.5,"discountRate":20,"promo":"Any 5 $6","orgPrice":1.5}},"categoryIds":["c-pet"],"similarProductIds":[]},{"id":"optimum-dog-food-chicken-rice-vegetables","name":"Chicken Loaf Adult Wet Dog Food Tray","brand":"Optimum","imageUrls":["https://shop.coles.com.au/wcsstore/Coles-CAS/images/8/6/5/8656720.jpg"],"storeId":"coles","packageSize":"100g","cupPrice":"$1.00 per 100G","locations":{"VIC":{"price":1,"discountRate":33,"promo":"","orgPrice":1.5}},"categoryIds":["c-pet"],"similarProductIds":[]},{"id":"optimum-dog-food-puppy-chicken-rice-vegetables","name":"Puppy Chicken Wet Dog Food Tray","brand":"Optimum","imageUrls":["https://shop.coles.com.au/wcsstore/Coles-CAS/images/1/5/1/1513179.jpg"],"storeId":"coles","packageSize":"100g","cupPrice":"$1.00 per 100G","locations":{"VIC":{"price":1,"discountRate":33,"promo":"","orgPrice":1.5}},"categoryIds":["c-pet"],"similarProductIds":[]},{"id":"pedigree-dentastix-dog-treats-for-large-to-giant-dogs","name":"Dentastix Large Dog Treats Daily Oral Care Dental Chew","brand":"Pedigree","imageUrls":["https://shop.coles.com.au/wcsstore/Coles-CAS/images/7/5/3/7531887.jpg"],"storeId":"coles","packageSize":"28 pack","cupPrice":"$0.43 per 1Ea","locations":{"VIC":{"price":12,"discountRate":31,"promo":"","orgPrice":17.5}},"categoryIds":["c-pet"],"similarProductIds":[]},{"id":"prime-kangaroo-jerky-dog-treats","name":"Kangaroo Jerky Dog Treats","brand":"Prime","imageUrls":["https://shop.coles.com.au/wcsstore/Coles-CAS/images/2/6/8/2688203.jpg"],"storeId":"coles","packageSize":"100g","cupPrice":"$5.45 per 100G","locations":{"VIC":{"price":5.45,"discountRate":20,"promo":"","orgPrice":6.85}},"categoryIds":["c-pet"],"similarProductIds":[]},{"id":"purina-beyond-cat-food-pate-grnfr-trt-ctfsh-rcp","name":"Beyond Pate Trout & Catfish Recipe Cat Food","brand":"Purina","imageUrls":["https://shop.coles.com.au/wcsstore/Coles-CAS/images/3/6/2/3622710.jpg"],"storeId":"coles","packageSize":"85g","cupPrice":"$1.18 per 100G","locations":{"VIC":{"price":1,"discountRate":-10,"promo":"Any 5 $5.50","orgPrice":1}},"categoryIds":["c-pet"],"similarProductIds":[]},{"id":"purina-beyond-cat-food-pate-grnfr-dk-swt-ptt-rcp","name":"Beyond Pate Grain Free Duck & Sweet Potato Recipe Cat Food","brand":"Purina","imageUrls":["https://shop.coles.com.au/wcsstore/Coles-CAS/images/3/6/2/3622732.jpg"],"storeId":"coles","packageSize":"85g","cupPrice":"$1.18 per 100G","locations":{"VIC":{"price":1,"discountRate":-10,"promo":"Any 5 $5.50","orgPrice":1}},"categoryIds":["c-pet"],"similarProductIds":[]},{"id":"schmackos-tsty-bts-chsy-nbbls-cheese-bf","name":"Tasty Bites Cheesy Nibbles Cheese & Beef Dog Treat","brand":"Schmackos","imageUrls":["https://shop.coles.com.au/wcsstore/Coles-CAS/images/2/9/5/2959865.jpg"],"storeId":"coles","packageSize":"140g","cupPrice":"$2.14 per 100G","locations":{"VIC":{"price":3,"discountRate":21,"promo":"","orgPrice":3.8}},"categoryIds":["c-pet"],"similarProductIds":[]},{"id":"vitapet-jerhigh-dog-snacks-bacon-flavour","name":"Jerhigh Chicken & Bacon Dog Treats","brand":"Vitapet","imageUrls":["https://shop.coles.com.au/wcsstore/Coles-CAS/images/5/8/2/5825118.jpg"],"storeId":"coles","packageSize":"100g","cupPrice":"$4.00 per 100G","locations":{"VIC":{"price":4,"discountRate":10,"promo":"","orgPrice":4.45}},"categoryIds":["c-pet"],"similarProductIds":[]},{"id":"whiskas-cat-food-beef-lamb-liver-vegetables","name":"1+ Years Beef & Lamb Dry Cat Food","brand":"Whiskas","imageUrls":["https://shop.coles.com.au/wcsstore/Coles-CAS/images/9/2/6/9269322.jpg"],"storeId":"coles","packageSize":"1kg","cupPrice":"$0.45 per 100G","locations":{"VIC":{"price":4.5,"discountRate":18,"promo":"","orgPrice":5.5}},"categoryIds":["c-pet"],"similarProductIds":[]},{"id":"4-legs-dog-food-beef-macaroni","name":"Beef & Macaroni Dog Food","brand":"4 Legs","imageUrls":["https://shop.coles.com.au/wcsstore/Coles-CAS/images/7/1/7/7178237.jpg"],"storeId":"coles","packageSize":"900g","cupPrice":"$0.50 per 100G","locations":{"VIC":{"price":4.5,"discountRate":22,"promo":"","orgPrice":5.8}},"categoryIds":["c-pet"],"similarProductIds":[]},{"id":"applaws-cat-treat-tuna-loin","name":"Cat Treat Tuna Loin","brand":"Applaws","imageUrls":["https://shop.coles.com.au/wcsstore/Coles-CAS/images/1/7/1/1714192.jpg"],"storeId":"coles","packageSize":"30g","cupPrice":"$6.67 per 100G","locations":{"VIC":{"price":2,"discountRate":20,"promo":"","orgPrice":2.5}},"categoryIds":["c-pet"],"similarProductIds":[]},{"id":"applaws-tuna-loin-cat-treats","name":"Whole Mackarel Loin Cat Treats","brand":"Applaws","imageUrls":["https://shop.coles.com.au/wcsstore/Coles-CAS/images/2/2/8/2283256.jpg"],"storeId":"coles","packageSize":"30g","cupPrice":"$6.67 per 100G","locations":{"VIC":{"price":2,"discountRate":20,"promo":"","orgPrice":2.5}},"categoryIds":["c-pet"],"similarProductIds":[]},{"id":"catsan-ntrl-extr-absrbnt-clumping-cat-litter","name":"Natural Extra Absorbent Clumping Cat Litter","brand":"Catsan","imageUrls":["https://shop.coles.com.au/wcsstore/Coles-CAS/images/3/7/4/3742643.jpg"],"storeId":"coles","packageSize":"8L","cupPrice":"$2.38 per 1L","locations":{"VIC":{"price":19,"discountRate":17,"promo":"","orgPrice":23}},"categoryIds":["c-pet"],"similarProductIds":[]},{"id":"dine-desire-cat-food-tuna-whitemeat-7342341p","name":"Desire Pure Tuna Whitemeat Grain Free Wet Cat Food Can","brand":"Dine","imageUrls":["https://shop.coles.com.au/wcsstore/Coles-CAS/images/7/3/4/7342341.jpg"],"storeId":"coles","packageSize":"85g","cupPrice":"$2.24 per 100G","locations":{"VIC":{"price":1.9,"discountRate":21,"promo":"Any 8 $12","orgPrice":1.9}},"categoryIds":["c-pet"],"similarProductIds":[]},{"id":"dine-desire-cat-food-tuna-prawn-seafood-sauce","name":"Desire Tuna & Prawn Grain Free Wet Cat Food Can","brand":"Dine","imageUrls":["https://shop.coles.com.au/wcsstore/Coles-CAS/images/7/3/4/7342363.jpg"],"storeId":"coles","packageSize":"85g","cupPrice":"$2.24 per 100G","locations":{"VIC":{"price":1.9,"discountRate":21,"promo":"Any 8 $12","orgPrice":1.9}},"categoryIds":["c-pet"],"similarProductIds":[]},{"id":"dine-cat-food-salmon-in-seafood-sauce","name":"Saucy Morsels With Salmon Wet Cat Food Tray","brand":"Dine","imageUrls":["https://shop.coles.com.au/wcsstore/Coles-CAS/images/7/5/9/7599315.jpg"],"storeId":"coles","packageSize":"85g","cupPrice":"$1.35 per 100G","locations":{"VIC":{"price":1.15,"discountRate":13,"promo":"Any 10 $10","orgPrice":1.15}},"categoryIds":["c-pet"],"similarProductIds":[]},{"id":"dine-desire-cat-food-tuna-in-jus-sauce","name":"Desire Tuna Slices in Jus Grain Free Wet Cat Food Can","brand":"Dine","imageUrls":["https://shop.coles.com.au/wcsstore/Coles-CAS/images/7/3/4/7342410.jpg"],"storeId":"coles","packageSize":"85g","cupPrice":"$2.24 per 100G","locations":{"VIC":{"price":1.9,"discountRate":21,"promo":"Any 8 $12","orgPrice":1.9}},"categoryIds":["c-pet"],"similarProductIds":[]},{"id":"dine-succelent-chicken-slices","name":"Slices With Chicken Wet Cat Food Tray","brand":"Dine","imageUrls":["https://shop.coles.com.au/wcsstore/Coles-CAS/images/2/5/2/2528819.jpg"],"storeId":"coles","packageSize":"85g","cupPrice":"$1.35 per 100G","locations":{"VIC":{"price":1.15,"discountRate":13,"promo":"Any 10 $10","orgPrice":1.15}},"categoryIds":["c-pet"],"similarProductIds":[]},{"id":"dine-finest-serve-cat-food-fish-selection-in-gravy-pouch","name":"Finest Serve Fish Selection In Gravy Tuna Salmon & Cod Wet Cat Food 50g Pouch","brand":"Dine","imageUrls":["https://shop.coles.com.au/wcsstore/Coles-CAS/images/2/7/4/2741317.jpg"],"storeId":"coles","packageSize":"6 pack","cupPrice":"$1.33 per 100G","locations":{"VIC":{"price":4,"discountRate":17,"promo":"","orgPrice":4.8}},"categoryIds":["c-pet"],"similarProductIds":[]},{"id":"dine-perfect-portions-cf-tender-whitefsh-tn-pate","name":"Perfect Portions Pate Entree with Delicate Whitefish & Tuna Wet Cat Food Tray 2 Pack","brand":"Dine","imageUrls":["https://shop.coles.com.au/wcsstore/Coles-CAS/images/3/3/2/3322808.jpg"],"storeId":"coles","packageSize":"75g","cupPrice":"$2.33 per 100G","locations":{"VIC":{"price":1.75,"discountRate":14,"promo":"Any 8 $12","orgPrice":1.75}},"categoryIds":["c-pet"],"similarProductIds":[]},{"id":"dine-perfect-portions-cf-cuts-in-gravy-sgntr-tuna","name":"Perfect Portions  Cuts In Gravy With Classic Tuna Wet Cat Food Tray 2 Pack","brand":"Dine","imageUrls":["https://shop.coles.com.au/wcsstore/Coles-CAS/images/3/3/2/3322819.jpg"],"storeId":"coles","packageSize":"75g","cupPrice":"$2.33 per 100G","locations":{"VIC":{"price":1.75,"discountRate":14,"promo":"Any 8 $12","orgPrice":1.75}},"categoryIds":["c-pet"],"similarProductIds":[]},{"id":"fancy-feast-broths-cat-food-tuna-whitebait","name":"Royale Broths Tuna Surimi & Whitebait Pouch Cat Food","brand":"Fancy Feast","imageUrls":["https://shop.coles.com.au/wcsstore/Coles-CAS/images/8/9/9/8998054.jpg"],"storeId":"coles","packageSize":"40g","cupPrice":"$3.00 per 100G","locations":{"VIC":{"price":1.2,"discountRate":8,"promo":"Any 5 $5.50","orgPrice":1.2}},"categoryIds":["c-pet"],"similarProductIds":[]},{"id":"fancy-feast-cat-food-liver-chicken-fillet","name":"Classic Tender Chicken & Liver Canned Cat Food","brand":"Fancy Feast","imageUrls":["https://shop.coles.com.au/wcsstore/Coles-CAS/images/5/1/2/5129831.jpg"],"storeId":"coles","packageSize":"85g","cupPrice":"$1.18 per 100G","locations":{"VIC":{"price":1,"discountRate":31,"promo":"","orgPrice":1.45}},"categoryIds":["c-pet"],"similarProductIds":[]},{"id":"fancy-feast-broths-cat-food-tuna-prawn","name":"Royale Broths Tuna Surimi & Prawns Pouch Cat Food","brand":"Fancy Feast","imageUrls":["https://shop.coles.com.au/wcsstore/Coles-CAS/images/8/9/9/8998043.jpg"],"storeId":"coles","packageSize":"40g","cupPrice":"$3.00 per 100G","locations":{"VIC":{"price":1.2,"discountRate":8,"promo":"Any 5 $5.50","orgPrice":1.2}},"categoryIds":["c-pet"],"similarProductIds":[]},{"id":"fancy-feast-classic-cat-fod","name":"Classic Roasted Chicken Feast Cat Food","brand":"Fancy Feast","imageUrls":["https://shop.coles.com.au/wcsstore/Coles-CAS/images/3/7/6/3763224.jpg"],"storeId":"coles","packageSize":"85g","cupPrice":"$1.18 per 100G","locations":{"VIC":{"price":1,"discountRate":31,"promo":"","orgPrice":1.45}},"categoryIds":["c-pet"],"similarProductIds":[]},{"id":"farmers-market-dog-food-stw-wth-lmb-vg-brwn-rc","name":"Lamb Stew With Vegetables And Brown Rice Dog Food","brand":"Farmers Market","imageUrls":["https://shop.coles.com.au/wcsstore/Coles-CAS/images/3/3/1/3319643.jpg"],"storeId":"coles","packageSize":"400g","cupPrice":"$0.50 per 100G","locations":{"VIC":{"price":2,"discountRate":27,"promo":"","orgPrice":2.75}},"categoryIds":["c-pet"],"similarProductIds":[]},{"id":"fussy-cat-gf-cat-fod-chckn-and-trky-w-crnbrr","name":"Grainfree Chicken And Turkey With Cranberry Cat Food Trays 85g","brand":"Fussy Cat","imageUrls":["https://shop.coles.com.au/wcsstore/Coles-CAS/images/3/7/4/3741957.jpg"],"storeId":"coles","packageSize":"9 pack","cupPrice":"$1.05 per 100G","locations":{"VIC":{"price":8,"discountRate":20,"promo":"","orgPrice":10}},"categoryIds":["c-pet"],"similarProductIds":[]},{"id":"meat-mates-cmplt-blncd-chicken-dinner-cat-food-3659153p","name":"Feline Chicken Dinner Cat Food","brand":"Meat Mates","imageUrls":["https://shop.coles.com.au/wcsstore/Coles-CAS/images/3/6/5/3659153.jpg"],"storeId":"coles","packageSize":"85g","cupPrice":"$2.06 per 100G","locations":{"VIC":{"price":1.75,"discountRate":27,"promo":"","orgPrice":2.4}},"categoryIds":["c-pet"],"similarProductIds":[]},{"id":"my-dog-roast-chicken-flavour-dry-dog-food","name":"Roast Chicken Flavour Including Garden Vegetables Cheddar Cheese And Bacon Flavours Dry Dog Food","brand":"My Dog","imageUrls":["https://shop.coles.com.au/wcsstore/Coles-CAS/images/3/0/1/3014431.jpg"],"storeId":"coles","packageSize":"1.5kg","cupPrice":"$0.60 per 100G","locations":{"VIC":{"price":9,"discountRate":18,"promo":"","orgPrice":11}},"categoryIds":["c-pet"],"similarProductIds":[]},{"id":"natures-gift-nourish-kangaroo-dry-dog-food","name":"Nourish Kangaroo Dry Dog Food","brand":"Nature's Gift","imageUrls":["https://shop.coles.com.au/wcsstore/Coles-CAS/images/1/8/4/1843650.jpg"],"storeId":"coles","packageSize":"1.8kg","cupPrice":"$0.53 per 100G","locations":{"VIC":{"price":9.6,"discountRate":20,"promo":"","orgPrice":12}},"categoryIds":["c-pet"],"similarProductIds":[]},{"id":"natures-gift-sustain-dry-dog-food-kangaroo","name":"Sustain Kangaroo Natural Dry Dog Food","brand":"Nature's Gift","imageUrls":["https://shop.coles.com.au/wcsstore/Coles-CAS/images/3/2/5/3251561.jpg"],"storeId":"coles","packageSize":"2.5kg","cupPrice":"$0.36 per 100G","locations":{"VIC":{"price":9,"discountRate":31,"promo":"","orgPrice":13}},"categoryIds":["c-pet"],"similarProductIds":[]},{"id":"optimum-pouch-mtr-7-yrs-cf-chnks-in-jll-with-slmn","name":"Mature 7+ Years Chunks In Jelly With Salmon Cat Food Pouch","brand":"Optimum","imageUrls":["https://shop.coles.com.au/wcsstore/Coles-CAS/images/3/7/5/3759384.jpg"],"storeId":"coles","packageSize":"85g","cupPrice":"$1.53 per 100G","locations":{"VIC":{"price":1.3,"discountRate":32,"promo":"","orgPrice":1.9}},"categoryIds":["c-pet"],"similarProductIds":[]},{"id":"optimum-kitten-2-12mths-pch-cf-chnks-in-jll-slmn","name":"Kitten 2-12 Months Chunks In Jelly With Salmon Cat Food Pouch","brand":"Optimum","imageUrls":["https://shop.coles.com.au/wcsstore/Coles-CAS/images/3/7/5/3759362.jpg"],"storeId":"coles","packageSize":"85g","cupPrice":"$1.53 per 100G","locations":{"VIC":{"price":1.3,"discountRate":32,"promo":"","orgPrice":1.9}},"categoryIds":["c-pet"],"similarProductIds":[]},{"id":"optimum-hlth-wght-1-yrs-pch-cf-chnks-in-jll-chckn","name":"Healthy Weight 1+ Years Chunks In Jelly With Chicken Cat Food Pouch","brand":"Optimum","imageUrls":["https://shop.coles.com.au/wcsstore/Coles-CAS/images/3/7/5/3759340.jpg"],"storeId":"coles","packageSize":"85g","cupPrice":"$1.53 per 100G","locations":{"VIC":{"price":1.3,"discountRate":32,"promo":"","orgPrice":1.9}},"categoryIds":["c-pet"],"similarProductIds":[]},{"id":"pedigree-adult-dog-food-lamb--pasta-vegies","name":"Homestyle Lamb Pasta & Vegies Adult Wet Dog Food Can","brand":"Pedigree","imageUrls":["https://shop.coles.com.au/wcsstore/Coles-CAS/images/7/3/3/7334886.jpg"],"storeId":"coles","packageSize":"1.2kg","cupPrice":"$0.25 per 100G","locations":{"VIC":{"price":3,"discountRate":25,"promo":"","orgPrice":4}},"categoryIds":["c-pet"],"similarProductIds":[]},{"id":"pedigree-dentastix-dog-treats-for-small-dogs-28-pack","name":"Dentastix Small Dog Treats Daily Oral Care Dental Chews","brand":"Pedigree","imageUrls":["https://shop.coles.com.au/wcsstore/Coles-CAS/images/6/8/5/6856060.jpg"],"storeId":"coles","packageSize":"28 pack","cupPrice":"$0.43 per 1Ea","locations":{"VIC":{"price":12,"discountRate":31,"promo":"","orgPrice":17.5}},"categoryIds":["c-pet"],"similarProductIds":[]},{"id":"pedigree-dentastix-dog-treats-for-medium-dogs-28-pack","name":"Dentastix Medium Dog Treats Daily Oral Care Dental Chews","brand":"Pedigree","imageUrls":["https://shop.coles.com.au/wcsstore/Coles-CAS/images/6/8/5/6856376.jpg"],"storeId":"coles","packageSize":"28 pack","cupPrice":"$0.43 per 1Ea","locations":{"VIC":{"price":12,"discountRate":31,"promo":"","orgPrice":17.5}},"categoryIds":["c-pet"],"similarProductIds":[]},{"id":"pedigree-adult-dog-food-loaf-with-beef-and-marrowbone","name":"Loaf With Beef & Vegies Adult Wet Dog Food Can","brand":"Pedigree","imageUrls":["https://shop.coles.com.au/wcsstore/Coles-CAS/images/2/1/4/214820.jpg"],"storeId":"coles","packageSize":"1.2kg","cupPrice":"$0.25 per 100G","locations":{"VIC":{"price":3,"discountRate":25,"promo":"","orgPrice":4}},"categoryIds":["c-pet"],"similarProductIds":[]},{"id":"pedigree-adult-dog-food-loaf-with-5-kinds-of-meat-and-marrowbone","name":"Loaf With 5 Kinds Of Meat Adult Wet Dog Food Can","brand":"Pedigree","imageUrls":["https://shop.coles.com.au/wcsstore/Coles-CAS/images/2/5/5/255409.jpg"],"storeId":"coles","packageSize":"1.2kg","cupPrice":"$0.25 per 100G","locations":{"VIC":{"price":3,"discountRate":25,"promo":"","orgPrice":4}},"categoryIds":["c-pet"],"similarProductIds":[]},{"id":"purina--one-urinary-tract-health-dry-cat-food","name":"One Urinary Tract Health Dry Cat Food","brand":"Purina","imageUrls":["https://shop.coles.com.au/wcsstore/Coles-CAS/images/2/9/1/2917490.jpg"],"storeId":"coles","packageSize":"1.5kg","cupPrice":"$0.67 per 100G","locations":{"VIC":{"price":10,"discountRate":34,"promo":"","orgPrice":15.2}},"categoryIds":["c-pet"],"similarProductIds":[]},{"id":"purina-beyond-simply-dry-dog-food-salmon","name":"Beyond Salmon And Tuna Complete Dry Dog Food","brand":"Purina","imageUrls":["https://shop.coles.com.au/wcsstore/Coles-CAS/images/3/4/5/3451083.jpg"],"storeId":"coles","packageSize":"2.5kg","cupPrice":"$0.48 per 100G","locations":{"VIC":{"price":11.9,"discountRate":30,"promo":"","orgPrice":17}},"categoryIds":["c-pet"],"similarProductIds":[]},{"id":"purina-one-adlt-urnr-care-pouch-scclnt-chckn-in-grv","name":"One Succulent Chicken In Gravy Urinary Care Cat Food Multipack Pouch","brand":"Purina","imageUrls":["https://shop.coles.com.au/wcsstore/Coles-CAS/images/3/5/5/3557936.jpg"],"storeId":"coles","packageSize":"70g","cupPrice":"$1.71 per 100G","locations":{"VIC":{"price":1.2,"discountRate":33,"promo":"","orgPrice":1.7999999999999998}},"categoryIds":["c-pet"],"similarProductIds":[]},{"id":"schmackos-strapz--dog-treat-beef","name":"Strapz With Beef Dog Treats","brand":"Schmackos","imageUrls":["https://shop.coles.com.au/wcsstore/Coles-CAS/images/9/0/5/9058859.jpg"],"storeId":"coles","packageSize":"500g","cupPrice":"$2.00 per 100G","locations":{"VIC":{"price":10,"discountRate":22,"promo":"","orgPrice":12.9}},"categoryIds":["c-pet"],"similarProductIds":[]},{"id":"schmackos-strapz-dog-treat-chicken","name":"Strapz With Chicken Dog Treats","brand":"Schmackos","imageUrls":["https://shop.coles.com.au/wcsstore/Coles-CAS/images/9/0/5/9058270.jpg"],"storeId":"coles","packageSize":"500g","cupPrice":"$2.00 per 100G","locations":{"VIC":{"price":10,"discountRate":22,"promo":"","orgPrice":12.9}},"categoryIds":["c-pet"],"similarProductIds":[]},{"id":"schmackos-dog-treat-chewy-twist-with-beef","name":"Chewy Twist With Beef Dog Treat","brand":"Schmackos","imageUrls":["https://shop.coles.com.au/wcsstore/Coles-CAS/images/3/3/7/3376148.jpg"],"storeId":"coles","packageSize":"100g","cupPrice":"$5.00 per 100G","locations":{"VIC":{"price":5,"discountRate":17,"promo":"","orgPrice":6}},"categoryIds":["c-pet"],"similarProductIds":[]},{"id":"supercoat-true-origin-adult-dry-d-f-slmn-ocnfsh","name":"True Origin Salmon & Ocean Fish Adult Dry Dog Food","brand":"Supercoat","imageUrls":["https://shop.coles.com.au/wcsstore/Coles-CAS/images/3/3/1/3312509.jpg"],"storeId":"coles","packageSize":"7kg","cupPrice":"$3.29 per 1Kg","locations":{"VIC":{"price":23,"discountRate":30,"promo":"","orgPrice":33}},"categoryIds":["c-pet"],"similarProductIds":[]},{"id":"temptations-cat-treats-tasty-chicken","name":"Tasty Chicken Flavour Cat Treats","brand":"Temptations","imageUrls":["https://shop.coles.com.au/wcsstore/Coles-CAS/images/3/5/6/3566427.jpg"],"storeId":"coles","packageSize":"180g","cupPrice":"$2.78 per 100G","locations":{"VIC":{"price":5,"discountRate":38,"promo":"","orgPrice":8}},"categoryIds":["c-pet"],"similarProductIds":[]},{"id":"vitapet-jerhigh-dog-treat-sticks-w-chicken-meat","name":"Jerhigh Chicken Sticks Dog Treats","brand":"Vitapet","imageUrls":["https://shop.coles.com.au/wcsstore/Coles-CAS/images/5/8/2/5827022.jpg"],"storeId":"coles","packageSize":"100g","cupPrice":"$4.00 per 100G","locations":{"VIC":{"price":4,"discountRate":10,"promo":"","orgPrice":4.45}},"categoryIds":["c-pet"],"similarProductIds":[]},{"id":"whiskas-cat-food-chicken-rabbit","name":"1+ Years Chicken & Rabbit Dry Cat Food","brand":"Whiskas","imageUrls":["https://shop.coles.com.au/wcsstore/Coles-CAS/images/9/2/6/9269275.jpg"],"storeId":"coles","packageSize":"1kg","cupPrice":"$0.45 per 100G","locations":{"VIC":{"price":4.5,"discountRate":18,"promo":"","orgPrice":5.5}},"categoryIds":["c-pet"],"similarProductIds":[]},{"id":"whiskas-1-so-meaty-poultry-dishes-cat-food","name":"1+ Years So Meaty Poultry Dishes Cat Food 85g","brand":"Whiskas","imageUrls":["https://shop.coles.com.au/wcsstore/Coles-CAS/images/3/5/8/3586526.jpg"],"storeId":"coles","packageSize":"24 pack","cupPrice":"$0.67 per 1Ea","locations":{"VIC":{"price":16,"discountRate":19,"promo":"","orgPrice":19.8}},"categoryIds":["c-pet"],"similarProductIds":[]},{"id":"whiskas-1-so-fsh-rcp-c-f-ocean-platter-in-jelly","name":"1+ Years So Fishy Recipe Ocean Platter In Jelly Cat Food 85g","brand":"Whiskas","imageUrls":["https://shop.coles.com.au/wcsstore/Coles-CAS/images/3/7/6/3767032.jpg"],"storeId":"coles","packageSize":"24 pack","cupPrice":"$0.78 per 100G","locations":{"VIC":{"price":16,"discountRate":19,"promo":"","orgPrice":19.8}},"categoryIds":["c-pet"],"similarProductIds":[]},{"id":"wofin-god-dog-fod-chunks-in-grv-lmb-rc-vg","name":"Chunks In Gravy Lamb Rice & Veg Dog Food","brand":"Woofin Good","imageUrls":["https://shop.coles.com.au/wcsstore/Coles-CAS/images/3/6/9/3699839.jpg"],"storeId":"coles","packageSize":"400g","cupPrice":"$0.41 per 100G","locations":{"VIC":{"price":1.65,"discountRate":31,"promo":"","orgPrice":2.4}},"categoryIds":["c-pet"],"similarProductIds":[]},{"id":"wofin-god-jerky-strips-kangaro-dog-treat","name":"Kangaroo Jerky Strips Dog Treat","brand":"Woofin Good","imageUrls":["https://shop.coles.com.au/wcsstore/Coles-CAS/images/3/7/1/3712813.jpg"],"storeId":"coles","packageSize":"100g","cupPrice":"$4.90 per 100G","locations":{"VIC":{"price":4.9,"discountRate":30,"promo":"","orgPrice":7}},"categoryIds":["c-pet"],"similarProductIds":[]}]