[{"id":"parkers-pretzels-original","name":"Original Pretzels 6 pack","brand":"Parker's","imageUrls":["https://shop.coles.com.au/wcsstore/Coles-CAS/images/9/2/8/9283061.jpg"],"storeId":"coles","packageSize":"150g","cupPrice":"$2.07 per 100G","locations":{"TAS":{"price":3.1,"discountRate":19,"promo":"Any 2 $5","orgPrice":3.1}},"categoryIds":["c-back-to-school"],"similarProductIds":[]},{"id":"oreo-original-vanilla-cr%C3%A8me-biscuits-2710437p","name":"Original Crème Biscuits","brand":"Oreo","imageUrls":["https://shop.coles.com.au/wcsstore/Coles-CAS/images/2/7/1/2710437.jpg"],"storeId":"coles","packageSize":"133g","cupPrice":"$1.13 per 100G","locations":{"TAS":{"price":1.5,"discountRate":25,"promo":"","orgPrice":2}},"categoryIds":["c-back-to-school"],"similarProductIds":[]},{"id":"kelloggs-cereal-rice-bubbles-8495803p","name":"Rice Bubbles Puffed Rice Breakfast Cereal","brand":"Kellogg's","imageUrls":["https://shop.coles.com.au/wcsstore/Coles-CAS/images/8/4/9/8495803.jpg"],"storeId":"coles","packageSize":"410g","cupPrice":"$0.97 per 100G","locations":{"TAS":{"price":3.97,"discountRate":25,"promo":"","orgPrice":5.300000000000001}},"categoryIds":["c-back-to-school"],"similarProductIds":[]},{"id":"healtheries-kidscare-rice-wheels-burger-10-pack","name":"KidsCare Burger Wheels Rice Snacks 10 pack","brand":"Healtheries","imageUrls":["https://shop.coles.com.au/wcsstore/Coles-CAS/images/7/2/4/7247894.jpg"],"storeId":"coles","packageSize":"180g","cupPrice":"$2.89 per 100G","locations":{"TAS":{"price":5.2,"discountRate":23,"promo":"Any 2 $8","orgPrice":5.2}},"categoryIds":["c-back-to-school"],"similarProductIds":[]},{"id":"simsons-pantry-premium-white-wraps-4pack","name":"Premium White Wraps 4 Pack","brand":"Simson's Pantry","imageUrls":["https://shop.coles.com.au/wcsstore/Coles-CAS/images/2/8/1/2815570.jpg"],"storeId":"coles","packageSize":"180g","cupPrice":"$1.28 per 100G","locations":{"TAS":{"price":2.3,"discountRate":13,"promo":"Any 2 $4","orgPrice":2.3}},"categoryIds":["c-back-to-school"],"similarProductIds":[]},{"id":"vegemite-spread-5998852p","name":"Spread","brand":"Vegemite","imageUrls":["https://shop.coles.com.au/wcsstore/Coles-CAS/images/5/9/9/5998852.jpg"],"storeId":"coles","packageSize":"380g","cupPrice":"$1.32 per 100G","locations":{"TAS":{"price":5,"discountRate":23,"promo":"","orgPrice":6.5}},"categoryIds":["c-back-to-school"],"similarProductIds":[]},{"id":"glad-cling-wrap","name":"Cling Wrap 30m X 33cm","brand":"Glad","imageUrls":["https://shop.coles.com.au/wcsstore/Coles-CAS/images/1/0/6/106282.jpg"],"storeId":"coles","packageSize":"30m","cupPrice":"$0.07 per 1M","locations":{"TAS":{"price":1.95,"discountRate":0,"promo":"","orgPrice":1.95}},"categoryIds":["c-back-to-school"],"similarProductIds":[]},{"id":"uncle-tobys-roll-ups-rainbow-berry","name":"Rainbow Berry Berry Roll Ups","brand":"Uncle Tobys","imageUrls":["https://shop.coles.com.au/wcsstore/Coles-CAS/images/6/8/9/6899164.jpg"],"storeId":"coles","packageSize":"94g","cupPrice":"$4.26 per 100G","locations":{"TAS":{"price":4,"discountRate":25,"promo":"Any 2 $6","orgPrice":4}},"categoryIds":["c-back-to-school"],"similarProductIds":[]},{"id":"simsons-pantry-four-seeds-wraps-4-pack","name":"Four Seeds Wraps 4 pack","brand":"Simson's Pantry","imageUrls":["https://shop.coles.com.au/wcsstore/Coles-CAS/images/2/8/1/2815581.jpg"],"storeId":"coles","packageSize":"180g","cupPrice":"$1.28 per 100G","locations":{"TAS":{"price":2.3,"discountRate":13,"promo":"Any 2 $4","orgPrice":2.3}},"categoryIds":["c-back-to-school"],"similarProductIds":[]},{"id":"healtheries-kidscare-rice-wheels-chicken","name":"KidsCare Roast Chicken Wheels Rice Snacks 10 pack","brand":"Healtheries","imageUrls":["https://shop.coles.com.au/wcsstore/Coles-CAS/images/5/2/5/5251416.jpg"],"storeId":"coles","packageSize":"180g","cupPrice":"$2.89 per 100G","locations":{"TAS":{"price":5.2,"discountRate":23,"promo":"Any 2 $8","orgPrice":5.2}},"categoryIds":["c-back-to-school"],"similarProductIds":[]},{"id":"kraft-mini-original-oreo-cookies","name":"Original Mini Biscuit Multipack","brand":"Oreo","imageUrls":["https://shop.coles.com.au/wcsstore/Coles-CAS/images/1/8/4/1843854.jpg"],"storeId":"coles","packageSize":"230g","cupPrice":"$1.30 per 100G","locations":{"TAS":{"price":3,"discountRate":24,"promo":"","orgPrice":3.95}},"categoryIds":["c-back-to-school"],"similarProductIds":[]},{"id":"healtheries-kidscare-rice-wheels-cheese","name":"KidsCare Cheese Wheels Rice Snacks 10 pack","brand":"Healtheries","imageUrls":["https://shop.coles.com.au/wcsstore/Coles-CAS/images/9/7/3/9734885.jpg"],"storeId":"coles","packageSize":"180g","cupPrice":"$2.89 per 100G","locations":{"TAS":{"price":5.2,"discountRate":23,"promo":"Any 2 $8","orgPrice":5.2}},"categoryIds":["c-back-to-school"],"similarProductIds":[]},{"id":"simsons-pantry-summer-herb-wraps-4pack","name":"Summer Herb Wraps 4 pack","brand":"Simson's Pantry","imageUrls":["https://shop.coles.com.au/wcsstore/Coles-CAS/images/2/8/1/2815592.jpg"],"storeId":"coles","packageSize":"180g","cupPrice":"$1.28 per 100G","locations":{"TAS":{"price":2.3,"discountRate":13,"promo":"Any 2 $4","orgPrice":2.3}},"categoryIds":["c-back-to-school"],"similarProductIds":[]},{"id":"uncle-tobys-le-snak-natural-cheese","name":"Le Snak Cheddar Cheese","brand":"Uncle Tobys","imageUrls":["https://shop.coles.com.au/wcsstore/Coles-CAS/images/4/9/5/4952890.jpg"],"storeId":"coles","packageSize":"132g","cupPrice":"$1.78 per 100G","locations":{"TAS":{"price":2.35,"discountRate":50,"promo":"","orgPrice":4.7}},"categoryIds":["c-back-to-school"],"similarProductIds":[]},{"id":"kettle--potato-chips-sea-salt","name":"Sea Salt Potato Chips","brand":"Kettle","imageUrls":["https://shop.coles.com.au/wcsstore/Coles-CAS/images/8/1/5/8156535.jpg"],"storeId":"coles","packageSize":"175g","cupPrice":"$1.33 per 100G","locations":{"TAS":{"price":2.32,"discountRate":50,"promo":"","orgPrice":4.65}},"categoryIds":["c-back-to-school"],"similarProductIds":[]},{"id":"kelloggs-k-time-twists-raspberry-apple","name":"K-Time Baked Twists Raspberry & Apple Flavour Filled Snack Bars 5 pack","brand":"Kellogg's","imageUrls":["https://shop.coles.com.au/wcsstore/Coles-CAS/images/9/2/6/9264250.jpg"],"storeId":"coles","packageSize":"185g","cupPrice":"$1.08 per 100G","locations":{"TAS":{"price":2,"discountRate":50,"promo":"","orgPrice":4}},"categoryIds":["c-back-to-school"],"similarProductIds":[]},{"id":"belvita-chocolate-breakfast-biscuit","name":"Chocolate Breakfast Biscuit 6 Pack","brand":"Belvita","imageUrls":["https://shop.coles.com.au/wcsstore/Coles-CAS/images/1/8/4/1843763.jpg"],"storeId":"coles","packageSize":"300g","cupPrice":"$0.67 per 100G","locations":{"TAS":{"price":2,"discountRate":50,"promo":"","orgPrice":4}},"categoryIds":["c-back-to-school"],"similarProductIds":[]},{"id":"brekky-heroes-choc-boulders","name":"Brekky Heroes Choc Boulders","brand":"Freedom Foods","imageUrls":["https://shop.coles.com.au/wcsstore/Coles-CAS/images/3/2/0/3208278.jpg"],"storeId":"coles","packageSize":"260g","cupPrice":"$0.77 per 100G","locations":{"TAS":{"price":2,"discountRate":50,"promo":"","orgPrice":4}},"categoryIds":["c-back-to-school"],"similarProductIds":[]},{"id":"brekky-heroes-honey-bolts","name":"Brekky Heroes Honey Bolts","brand":"Freedom Foods","imageUrls":["https://shop.coles.com.au/wcsstore/Coles-CAS/images/3/2/0/3208289.jpg"],"storeId":"coles","packageSize":"300g","cupPrice":"$0.67 per 100G","locations":{"TAS":{"price":2,"discountRate":50,"promo":"","orgPrice":4}},"categoryIds":["c-back-to-school"],"similarProductIds":[]},{"id":"brekky-heroes-fruity-hoops","name":"Brekky Heroes Fruity Hoops","brand":"Freedom Foods","imageUrls":["https://shop.coles.com.au/wcsstore/Coles-CAS/images/3/2/0/3208303.jpg"],"storeId":"coles","packageSize":"285g","cupPrice":"$0.70 per 100G","locations":{"TAS":{"price":2,"discountRate":50,"promo":"","orgPrice":4}},"categoryIds":["c-back-to-school"],"similarProductIds":[]},{"id":"coles-fresh-bananas---loose","name":"Bananas","brand":"Coles","imageUrls":["https://shop.coles.com.au/wcsstore/Coles-CAS/images/4/0/9/409499.jpg"],"storeId":"coles","packageSize":"approx. 180g","cupPrice":"$1.80 per 1Kg","locations":{"TAS":{"price":0.32,"discountRate":0,"promo":"","orgPrice":0.32}},"categoryIds":["c-back-to-school"],"similarProductIds":[]},{"id":"strawberries-fresh-prepacked-5191256p","name":"Strawberries Prepacked","brand":"Coles","imageUrls":["https://shop.coles.com.au/wcsstore/Coles-CAS/images/5/1/9/5191256.jpg"],"storeId":"coles","packageSize":"250g","cupPrice":"$14.00 per 1Kg","locations":{"TAS":{"price":3.5,"discountRate":0,"promo":"","orgPrice":3.5}},"categoryIds":["c-back-to-school"],"similarProductIds":[]},{"id":"blueberries-prepacked","name":"Blueberries Prepacked","brand":"Coles","imageUrls":["https://shop.coles.com.au/wcsstore/Coles-CAS/images/5/5/4/5543535.jpg"],"storeId":"coles","packageSize":"125g","cupPrice":"$28.00 per 1Kg","locations":{"TAS":{"price":3.5,"discountRate":0,"promo":"","orgPrice":3.5}},"categoryIds":["c-back-to-school"],"similarProductIds":[]},{"id":"arnotts-chocolate-biscuits-tim-tams-original","name":"Original Chocolate Tim Tam","brand":"Arnott's","imageUrls":["https://shop.coles.com.au/wcsstore/Coles-CAS/images/3/2/9/329607.jpg"],"storeId":"coles","packageSize":"200g","cupPrice":"$0.91 per 100G","locations":{"TAS":{"price":1.82,"discountRate":50,"promo":"","orgPrice":3.6500000000000004}},"categoryIds":["c-back-to-school"],"similarProductIds":[]},{"id":"tip-top-english-muffins-original","name":"Original English Muffins 6 Pack","brand":"Tip Top","imageUrls":["https://shop.coles.com.au/wcsstore/Coles-CAS/images/3/3/2/332394.jpg"],"storeId":"coles","packageSize":"400g","cupPrice":"$0.63 per 100G","locations":{"TAS":{"price":2.5,"discountRate":50,"promo":"","orgPrice":5}},"categoryIds":["c-back-to-school"],"similarProductIds":[]},{"id":"doritos-cheese-supreme-corn-chips-2358333p","name":"Cheese Supreme Corn Chips","brand":"Doritos","imageUrls":["https://shop.coles.com.au/wcsstore/Coles-CAS/images/2/3/5/2358333.jpg"],"storeId":"coles","packageSize":"170g","cupPrice":"$2.06 per 100G","locations":{"TAS":{"price":3.5,"discountRate":29,"promo":"Any 2 $5","orgPrice":3.5}},"categoryIds":["c-back-to-school"],"similarProductIds":[]},{"id":"mountain-dew-soft-drink-no-sugar","name":"Soft Drink No Sugar","brand":"Mountain Dew","imageUrls":["https://shop.coles.com.au/wcsstore/Coles-CAS/images/3/7/5/3752556.jpg"],"storeId":"coles","packageSize":"1.25L","cupPrice":"$1.36 per 1L","locations":{"TAS":{"price":1.7,"discountRate":23,"promo":"","orgPrice":2.2}},"categoryIds":["c-back-to-school"],"similarProductIds":[]},{"id":"arnotts-chocolate-biscuits-tim-tams-double-coat-chocolate","name":"Double Coat Chocolate Tim Tam","brand":"Arnott's","imageUrls":["https://shop.coles.com.au/wcsstore/Coles-CAS/images/7/0/2/7029292.jpg"],"storeId":"coles","packageSize":"200g","cupPrice":"$0.91 per 100G","locations":{"TAS":{"price":1.82,"discountRate":50,"promo":"","orgPrice":3.6500000000000004}},"categoryIds":["c-back-to-school"],"similarProductIds":[]},{"id":"cheezels-cheese","name":"Original Cheese Snacks","brand":"Cheezels","imageUrls":["https://shop.coles.com.au/wcsstore/Coles-CAS/images/7/8/7/7879468.jpg"],"storeId":"coles","packageSize":"110g","cupPrice":"$2.27 per 100G","locations":{"TAS":{"price":2.5,"discountRate":20,"promo":"2 for $4","orgPrice":2.5}},"categoryIds":["c-back-to-school"],"similarProductIds":[]},{"id":"tip-top-english-muffins-wholemeal","name":"Wholemeal English Muffins 6 Pack","brand":"Tip Top","imageUrls":["https://shop.coles.com.au/wcsstore/Coles-CAS/images/5/1/3/5137320.jpg"],"storeId":"coles","packageSize":"400g","cupPrice":"$0.63 per 100G","locations":{"TAS":{"price":2.5,"discountRate":50,"promo":"","orgPrice":5}},"categoryIds":["c-back-to-school"],"similarProductIds":[]},{"id":"potatoes-brushed-prepacked-4213819p","name":"Brushed Potatoes Prepacked","brand":"Coles","imageUrls":["https://shop.coles.com.au/wcsstore/Coles-CAS/images/4/2/1/4213819.jpg"],"storeId":"coles","packageSize":"3kg","cupPrice":"$1.17 per 1Kg","locations":{"TAS":{"price":3.5,"discountRate":0,"promo":"","orgPrice":3.5}},"categoryIds":["c-back-to-school"],"similarProductIds":[]},{"id":"golden-crumpets-wholemeal-rounds","name":"Wholemeal Crumpets 6 Pack","brand":"Golden","imageUrls":["https://shop.coles.com.au/wcsstore/Coles-CAS/images/2/9/2/292223.jpg"],"storeId":"coles","packageSize":"300g","cupPrice":"$1.23 per 100G","locations":{"TAS":{"price":3.7,"discountRate":46,"promo":"Any 2 $4","orgPrice":3.7}},"categoryIds":["c-back-to-school"],"similarProductIds":[]},{"id":"cobs-lightly-salted-slightly-sweet-popcorn-mp","name":"Lightly Salted & Slightly Sweet Natural Popcorn 5 pack","brand":"Cobs","imageUrls":["https://shop.coles.com.au/wcsstore/Coles-CAS/images/3/4/7/3478400.jpg"],"storeId":"coles","packageSize":"65g","cupPrice":"$4.85 per 100G","locations":{"TAS":{"price":3.15,"discountRate":21,"promo":"Any 2 $5","orgPrice":3.15}},"categoryIds":["c-back-to-school"],"similarProductIds":[]},{"id":"arnotts-tim-tams-messina-biscuits-choc-mint","name":"Tim Tam Chocolate Mint Biscuits","brand":"Arnott's","imageUrls":["https://shop.coles.com.au/wcsstore/Coles-CAS/images/2/8/6/2869977.jpg"],"storeId":"coles","packageSize":"160g","cupPrice":"$1.14 per 100G","locations":{"TAS":{"price":1.82,"discountRate":50,"promo":"","orgPrice":3.6500000000000004}},"categoryIds":["c-back-to-school"],"similarProductIds":[]},{"id":"doritos-original-corn-chips","name":"Original Corn Chips","brand":"Doritos","imageUrls":["https://shop.coles.com.au/wcsstore/Coles-CAS/images/2/3/5/2358355.jpg"],"storeId":"coles","packageSize":"170g","cupPrice":"$2.06 per 100G","locations":{"TAS":{"price":3.5,"discountRate":29,"promo":"Any 2 $5","orgPrice":3.5}},"categoryIds":["c-back-to-school"],"similarProductIds":[]},{"id":"arnotts-chocolate-biscuits-tim-tams-chewy-caramel","name":"Chewy Caramel Tim Tam","brand":"Arnott's","imageUrls":["https://shop.coles.com.au/wcsstore/Coles-CAS/images/8/6/5/8655375.jpg"],"storeId":"coles","packageSize":"175g","cupPrice":"$1.04 per 100G","locations":{"TAS":{"price":1.82,"discountRate":50,"promo":"","orgPrice":3.6500000000000004}},"categoryIds":["c-back-to-school"],"similarProductIds":[]},{"id":"mission-wraps-original-8-pack","name":"Original Wraps 8 pack","brand":"Mission","imageUrls":["https://shop.coles.com.au/wcsstore/Coles-CAS/images/6/9/5/6955662.jpg"],"storeId":"coles","packageSize":"567g","cupPrice":"$0.71 per 100G","locations":{"TAS":{"price":4,"discountRate":20,"promo":"","orgPrice":5}},"categoryIds":["c-back-to-school"],"similarProductIds":[]},{"id":"arnotts-chocolate-biscuits-tim-tams-classic-dark-chocolate","name":"Classic Dark Chocolate Tim Tam","brand":"Arnott's","imageUrls":["https://shop.coles.com.au/wcsstore/Coles-CAS/images/6/0/2/6025536.jpg"],"storeId":"coles","packageSize":"200g","cupPrice":"$0.91 per 100G","locations":{"TAS":{"price":1.82,"discountRate":50,"promo":"","orgPrice":3.6500000000000004}},"categoryIds":["c-back-to-school"],"similarProductIds":[]},{"id":"tip-top-english-muffins-spicy-fruit","name":"Spicy Fruit English Muffins","brand":"Tip Top","imageUrls":["https://shop.coles.com.au/wcsstore/Coles-CAS/images/9/7/9/9795915.jpg"],"storeId":"coles","packageSize":"6 pack","cupPrice":"$0.42 per 1Ea","locations":{"TAS":{"price":2.5,"discountRate":50,"promo":"","orgPrice":5}},"categoryIds":["c-back-to-school"],"similarProductIds":[]},{"id":"arnotts-biscuits-teevee-snacks-malt-sticks-chocolate","name":"Chocolate Malt Sticks TeeVee Snacks","brand":"Arnott's","imageUrls":["https://shop.coles.com.au/wcsstore/Coles-CAS/images/9/5/0/9503543.jpg"],"storeId":"coles","packageSize":"175g","cupPrice":"$2.09 per 100G","locations":{"TAS":{"price":3.65,"discountRate":32,"promo":"Any 2 $5","orgPrice":3.65}},"categoryIds":["c-back-to-school"],"similarProductIds":[]},{"id":"doritos-nacho-cheese-corn-chips-2358344p","name":"Nacho Cheese Corn Chips","brand":"Doritos","imageUrls":["https://shop.coles.com.au/wcsstore/Coles-CAS/images/2/3/5/2358344.jpg"],"storeId":"coles","packageSize":"170g","cupPrice":"$2.06 per 100G","locations":{"TAS":{"price":3.5,"discountRate":29,"promo":"Any 2 $5","orgPrice":3.5}},"categoryIds":["c-back-to-school"],"similarProductIds":[]},{"id":"hakubaku-noodles-soba-organic","name":"Organic Soba Noodles","brand":"Hakubaku","imageUrls":["https://shop.coles.com.au/wcsstore/Coles-CAS/images/9/4/3/9434666.jpg"],"storeId":"coles","packageSize":"270g","cupPrice":"$1.09 per 100G","locations":{"TAS":{"price":2.95,"discountRate":20,"promo":"","orgPrice":3.7}},"categoryIds":["c-back-to-school"],"similarProductIds":[]},{"id":"smiths-crinkle-cut-original-potato-chips","name":"Crinkle Cut Original Potato Chips","brand":"Smith's","imageUrls":["https://shop.coles.com.au/wcsstore/Coles-CAS/images/2/3/5/2358275.jpg"],"storeId":"coles","packageSize":"170g","cupPrice":"$2.06 per 100G","locations":{"TAS":{"price":3.5,"discountRate":29,"promo":"Any 2 $5","orgPrice":3.5}},"categoryIds":["c-back-to-school"],"similarProductIds":[]},{"id":"vaalia-yoghurt-kids-pouch-strawberry","name":"Kids Strawberry Yoghurt Pouch","brand":"Vaalia","imageUrls":["https://shop.coles.com.au/wcsstore/Coles-CAS/images/7/2/4/7246880.jpg"],"storeId":"coles","packageSize":"140g","cupPrice":"$0.86 per 100G","locations":{"TAS":{"price":1.2,"discountRate":25,"promo":"","orgPrice":1.6}},"categoryIds":["c-back-to-school"],"similarProductIds":[]},{"id":"smiths-crinkle-cut-salt-vinegar-potato-chips","name":"Crinkle Cut Salt & Vinegar Potato Chips","brand":"Smith's","imageUrls":["https://shop.coles.com.au/wcsstore/Coles-CAS/images/2/3/5/2358286.jpg"],"storeId":"coles","packageSize":"170g","cupPrice":"$2.06 per 100G","locations":{"TAS":{"price":3.5,"discountRate":29,"promo":"Any 2 $5","orgPrice":3.5}},"categoryIds":["c-back-to-school"],"similarProductIds":[]},{"id":"tip-top-bread-cafe-raisin-loaf-extra-thick","name":"Cafe Raisin Bread Loaf","brand":"Tip Top","imageUrls":["https://shop.coles.com.au/wcsstore/Coles-CAS/images/5/7/0/5703766.jpg"],"storeId":"coles","packageSize":"650g","cupPrice":"$0.62 per 100G","locations":{"TAS":{"price":4,"discountRate":0,"promo":"","orgPrice":4}},"categoryIds":["c-back-to-school"],"similarProductIds":[]},{"id":"arnotts-chocolate-biscuits-mint-slice","name":"Mint Slice Chocolate Biscuits","brand":"Arnott's","imageUrls":["https://shop.coles.com.au/wcsstore/Coles-CAS/images/3/2/9/329571.jpg"],"storeId":"coles","packageSize":"200g","cupPrice":"$0.91 per 100G","locations":{"TAS":{"price":1.82,"discountRate":50,"promo":"","orgPrice":3.6500000000000004}},"categoryIds":["c-back-to-school"],"similarProductIds":[]},{"id":"arnotts-chocolate-biscuits-caramel-crowns","name":"Caramel Crowns Chocolate Biscuits","brand":"Arnott's","imageUrls":["https://shop.coles.com.au/wcsstore/Coles-CAS/images/2/5/0/25078.jpg"],"storeId":"coles","packageSize":"200g","cupPrice":"$0.91 per 100G","locations":{"TAS":{"price":1.82,"discountRate":50,"promo":"","orgPrice":3.6500000000000004}},"categoryIds":["c-back-to-school"],"similarProductIds":[]},{"id":"vaalia-yoghurt-kids-pouch-vanilla","name":"Kids Vanilla Yoghurt Pouch","brand":"Vaalia","imageUrls":["https://shop.coles.com.au/wcsstore/Coles-CAS/images/7/2/4/7246869.jpg"],"storeId":"coles","packageSize":"140g","cupPrice":"$0.86 per 100G","locations":{"TAS":{"price":1.2,"discountRate":25,"promo":"","orgPrice":1.6}},"categoryIds":["c-back-to-school"],"similarProductIds":[]}]